1856 2931
920 44 963 78 14

174 131 336 166 oculatum
366 136 482 167 testem
514 132 605 178 quasi
634 132 785 168 clamitat.
840 133 987 174 Quorum
1024 143 1106 179 quae
1137 132 1276 168 maxime
1311 137 1390 169 sunt
1420 133 1476 170 uti
1504 131 1708 179 domibendi

172 177 299 212 ratione
320 179 494 224 conspicua
513 178 583 224 jam
601 179 784 214 afferantur.
808 178 1024 214 Exci-diamur
1046 184 1154 215 autem
1170 179 1211 214 ab
1232 179 1332 215 ltalia.
1499 220 1502 222 ,

266 223 325 258 Ubi
350 234 423 259 cum
447 229 578 259 constet
599 225 821 270 geographum
850 235 909 269 per
936 225 1069 269 longum
1094 225 1251 269 temporis
1274 225 1413 271 spatium
1437 228 1598 260 versatum
1611 235 1705 269 *aasz

174 278 241 303 non
264 269 383 304 mirum
410 275 461 304 est
484 270 571 316 quod
596 270 696 305 multa
716 270 877 305 oculatum
893 270 1037 306 indicant
1052 275 1180 306 testem.
1214 270 1257 306 Et
1270 276 1357 306 recte
1373 271 1508 306 omnino
1528 279 1565 305 te
1579 269 1708 312 hahent,

174 325 256 359 quae
269 315 491 351 Groskurdius
503 317 563 350 hac
587 317 627 350 de
649 326 685 351 re
708 316 842 359 dicit¹):
866 316 1059 351 Strabonem
1075 317 1194 352 vidisse
1206 317 1369 352 inferioris
1390 328 1430 351 ac
1451 317 1577 352 mediae
1598 316 1708 357 Italiae
1744 328 1749 331 ’

173 360 271 395 urbes
293 361 528 406 celeberrimas,
568 361 730 406 imprimis
762 373 827 403 eaS,
865 372 946 406 quae
974 362 1015 396 ad
1047 363 1130 397 viam
1165 363 1338 398 Brundisio
1373 363 1508 397 nomam
1535 362 1707 397 ducentem

174 405 254 440 sitae
277 406 412 448 fuerint;
436 407 553 442 deinde
572 408 723 456 regiones
753 408 835 443 mari
858 407 1028 452 Tyrrheno
1053 408 1207 444 finitimas
1230 415 1264 444 et
1287 408 1466 452 Etruriam3
1489 408 1572 443 ultra
1596 407 1706 452 Popu-

174 451 298 486 lonium
321 459 429 488 autem
454 458 487 488 et
510 454 634 488 Lunam
657 464 731 488 eum
755 464 822 488 non
847 464 919 488 esse
944 454 1136 498 profectum.

266 498 415 534 Etruriae
449 500 547 544 igitur
581 499 696 534 Strabo
733 500 929 534 maritimam
963 500 1072 544 potius
1107 510 1203 546 quam
1234 501 1504 536 mediterraneam
1538 499 1707 544 regionem

173 540 298 579 videtur
320 545 548 589 perlustrasse:
574 545 669 590 hujus
694 545 781 579 enim
803 545 979 590 descriptio
1002 546 1081 580 satis
1103 546 1210 589 brevis
1233 552 1293 590 est,
1319 546 1405 581 illius
1425 547 1526 581 multo
1542 545 1708 590 copiosior

174 594 207 623 et
230 590 419 625 accuratior.
470 591 578 625 Lunae
602 595 709 626 autem
734 591 774 625 de
798 592 863 626 situ
893 591 1038 626 referens
1062 592 1207 637 conspici
1241 597 1351 627 narrat
1374 603 1393 626 e
1416 591 1583 627 montibus
1610 590 1706 636 hujus

176 635 286 679 oppidi
310 641 441 680 portum
466 637 669 681 cingentibus
693 642 726 670 et
749 648 838 671 mare
861 642 894 671 et
916 637 1097 672 Sardiniam
1122 642 1153 671 et
1177 647 1324 681 magnam
1348 638 1509 682 utrimque
1532 648 1608 672 orae
1630 647 1705 681 par-

174 685 240 715 tem
250 678 288 722 ²).
335 681 428 716 Pisas
451 683 581 727 quoque
606 682 700 723 vidit3
731 693 749 716 e
774 687 843 717 toto
867 682 956 717 enim
985 683 1081 717 litore
1112 683 1199 717 inter
1228 683 1275 717 Po
1320 683 1440 717 ioniam
1471 687 1504 718 et
1526 683 1618 717 Pisas
1641 682 1705 716 sito

175 726 255 760 satis
279 727 364 761 clare
389 728 535 772 conspici
567 728 815 762 commemorat·
831 728 1021 768 Sardiniam,
1054 728 1238 770 Corsicam,
1286 729 1368 762 lvam
1384 728 1422 770 ³).
1478 729 1646 763 Praeterea
1670 738 1707 761 se

174 771 245 816 ipse
269 772 357 813 dicit,
380 783 453 807 cum
479 774 691 818 Populoniam
716 774 898 808 ascenderit
926 793 966 798 —
991 784 1118 808 summo
1142 774 1229 808 enim
1253 774 1287 808 in
1307 779 1418 809 monte
1441 774 1520 808 haec
1543 773 1622 808 urbs
1645 773 1708 807 sita

175 822 245 852 erat
266 837 322 859 —‚
345 819 493 853 officinas
515 820 666 854 ferrarias
689 824 722 854 et
747 825 813 854 tres
837 820 907 853 illas
938 820 1058 853 insulas
1082 819 1201 854 vidisse
1212 820 1251 861 ⁴).
1301 820 1409 865 ltaque
1443 831 1518 854 cum
1546 830 1582 854 se
1609 815 1707 864 μέχρι

174 862 246 897 τῶν
269 860 359 898 κατὰ
381 862 551 908 Σαρδόνα
573 862 692 899 τὸπων
723 865 785 910 τῆς
816 863 1014 911 Τυρῤηνίας
1044 865 1229 909 pervenisse
1263 865 1360 907 dicit,
1392 866 1461 900 illas
1500 865 1583 900 haud
1612 865 1708 899 dubie

175 909 315 955 intellegi
340 911 405 945 vult
429 911 534 953 urbes,
558 923 637 957 quas
660 911 760 946 modo
785 911 1119 946 commemoravimus.
1166 911 1248 945 Item
1272 911 1390 946 Cosam
1420 911 1465 946 ita
1488 910 1651 953 describit,
1673 915 1708 945 ut

176 956 253 1000 quin
284 957 370 991 hunc
399 957 506 991 locum
534 957 650 992 viderit
673 958 723 992 vix
753 958 857 1003 possit
886 957 1025 992 dubitari
1036 957 1080 1000 ⁵):
1117 957 1369 1002 Diligentissime
1399 962 1506 993 autem
1536 957 1637 992 refert
1666 957 1707 992 de

175 1002 265 1047 locis,
292 1013 373 1048 quae
396 1004 455 1038 viis
479 1004 627 1049 publicis,
651 1004 748 1039 veluti
772 1004 903 1049 Appiae,
928 1004 1078 1045 Valeriae,
1101 1003 1242 1049 Latinae,
1266 1003 1469 1049 adjacebant3
1493 1015 1554 1038 uec
1574 1003 1709 1045 mirum;

175 1058 250 1082 nam
273 1050 511 1094 geogr-aptium,
545 1061 618 1084 cum
643 1061 702 1094 per
725 1050 908 1094 complures
938 1060 1041 1084 annos
1071 1050 1192 1084 Romae
1222 1056 1421 1091 versaretur,
1454 1055 1707 1095 consepianeum

177 1099 228 1128 est
251 1094 312 1129 hac
333 1105 371 1129 ex
393 1094 473 1130 urbe
496 1101 659 1141 tamquam
683 1107 701 1130 e
725 1096 842 1131 castris
866 1096 990 1131 stativis
1006 1095 1134 1140 saepius
1160 1096 1304 1130 evolasse
1328 1106 1572 1142 quoquoversus
1594 1095 1628 1130 in
1653 1106 1706 1130 re-

175 1140 290 1184 giones
314 1141 597 1186 circumjacentes,
635 1153 698 1187 quo
734 1142 850 1176 melius
884 1146 1096 1186 cognosceret
1123 1142 1343 1176 Romanorum
1368 1147 1486 1177 terram
1520 1152 1558 1176 ac
1589 1152 1708 1176 mores.

176 1186 341 1230 Imprimis
363 1186 446 1221 Latii
471 1187 647 1232 descriptio
673 1193 739 1222 tam
762 1193 909 1222 accurata
935 1192 1001 1229 est,
1032 1192 1067 1221 ut
1090 1187 1313 1222 difficillimum
1345 1188 1389 1222 sit
1414 1186 1590 1232 dijudicata
1615 1198 1710 1232 quae-

176 1242 250 1265 nam
274 1231 346 1266 loca
370 1232 441 1276 ipse
464 1233 590 1275 viderit,
614 1244 695 1278 quae
719 1244 795 1268 non.
836 1234 939 1275 Quam
964 1234 1006 1267 ob
1025 1244 1094 1267 rem
1120 1244 1156 1267 ea
1181 1238 1306 1268 tantum
1331 1234 1513 1278 afferantur,
1538 1233 1573 1267 in
1592 1233 1708 1278 quibus

176 1288 249 1312 eum
270 1277 369 1312 fuisse
393 1279 460 1312 veri
485 1279 697 1322 simillimum,
720 1291 760 1313 ne
784 1280 890 1313 dicam
913 1284 1047 1320 certum,
1071 1285 1138 1320 est3
1163 1279 1210 1313 sic
1234 1279 1393 1318 oculatum
1417 1285 1539 1323 testem?
1557 1279 1709 1320 indicant,

175 1333 256 1368 quae
280 1324 379 1357 refert
401 1323 442 1358 de
466 1325 564 1359 Antio
576 1325 686 1371 ⁸),tde
709 1326 881 1359 Tarracina
895 1324 920 1366 ⁷)
945 1329 977 1358 et
1000 1325 1137 1359 maxime
1162 1325 1201 1359 de
1224 1325 1364 1366 ratione,
1397 1336 1459 1370 qua
1475 1324 1550 1360 inde
1573 1325 1710 1359 Romam

175 1369 339 1413 proficisci
365 1369 512 1405 solebant
522 1370 566 1413 δὶς
591 1371 631 1405 de
656 1371 817 1416 speluncis
831 1372 870 1405 ad
885 1371 993 1405 sinum
1012 1370 1196 1416 Cajetanum
1216 1370 1287 1405 sitis
1299 1370 1335 1413 ⁹),
1360 1371 1402 1406 de
1416 1370 1535 1406 Tibure
1551 1370 1605 1413 ¹⁰),
1624 1370 1710 1405 Tus-

176 1415 249 1449 culo
267 1414 321 1457 ¹¹),
335 1416 598 1458 Lanuvio¹²);de
613 1418 687 1451 fano
704 1417 864 1451 Minervae
877 1416 1025 1451 Aricinae
1036 1422 1069 1450 et
1083 1417 1154 1451 lacu
1168 1416 1212 1450 ibi
1226 1416 1290 1451 sito
1309 1416 1351 1459 ¹³)
1361 1426 1371 1460 3
1388 1417 1428 1452 de
1437 1417 1508 1452 lacu
1519 1416 1642 1451 Albano
1654 1416 1709 1456 ¹⁴).

175 1460 280 1494 Porro
306 1461 438 1505 Apuliae
468 1463 653 1507 complures
682 1463 901 1507 geographum
933 1462 1030 1496 urbes
1054 1462 1172 1496 vidisse
1196 1463 1333 1497 maxime
1363 1467 1614 1497 consentaneum
1643 1467 1708 1504 est3

176 1516 235 1551 per
258 1507 318 1541 has
341 1507 428 1542 enim
453 1509 603 1553 regiones
619 1508 754 1543 ducebat
777 1503 799 1554 ἡ
819 1504 944 1543 Ἀππία
965 1503 1056 1551 ὁδός,
1080 1504 1275 1554 ἐστρωμένη
1289 1504 1359 1544 ἀπὸ
1372 1508 1434 1554 τῆς
1450 1503 1591 1554 Ῥώμης
1610 1505 1711 1554 μέχρι

176 1553 397 1598 Βρεντεσίου,
434 1557 592 1589 πλεῖστον
626 1551 849 1599 ὁδευομέη15)
873 1560 933 1589 etc.
980 1556 1052 1589 Non
1087 1555 1218 1589 dubium
1250 1561 1308 1597 est,
1347 1556 1424 1600 quin
1454 1556 1516 1589 hac
1552 1556 1601 1589 via
1638 1556 1710 1599 ipse

176 1598 294 1633 Strabo
319 1610 398 1633 usus
422 1600 474 1639 sit,
504 1601 649 1645 quamvis
674 1612 737 1646 quo
762 1601 796 1635 in
821 1601 936 1635 itinere
960 1606 1014 1635 aut
1038 1610 1101 1645 quo
1126 1605 1274 1644 tempore
1297 1607 1352 1635 aut
1375 1601 1526 1647 quotiens
1549 1600 1588 1635 ad
1611 1600 1710 1646 liqui-

176 1645 254 1680 dum
277 1646 409 1690 perduci
432 1653 579 1691 nequeat.
625 1648 727 1689 Quam
752 1653 899 1681 accurate
927 1653 1034 1681 autem
1064 1647 1191 1681 noverit
1219 1647 1316 1681 urbes
1339 1648 1426 1682 illam
1449 1647 1489 1681 ad
1513 1647 1596 1681 viam
1622 1647 1710 1688 sitas,

176 1696 212 1725 ut
232 1701 331 1726 unum
355 1692 486 1727 afferam
509 1694 690 1738 exemplum
705 1694 842 1727 maxime
859 1693 1076 1738 perspicuum,
1099 1692 1229 1727 Tarenti
1246 1693 1464 1738 descriptione
1485 1694 1641 1727 docemur
1656 1691 1710 1734 1θ).

252 1856 283 1929 ἑ)
300 1854 506 1932 frssfpphn.
525 1879 613 1931 —'3)
633 1902 662 1932 p.
683 1894 747 1923 225.
770 1908 808 1914 ’-
826 1893 856 1930 4)
875 1901 904 1931 p.
924 1894 992 1923 223:
1012 1893 1141 1932 εἴδομεν
1160 1893 1195 1923 δὲ
1215 1894 1268 1923 καὶ
1288 1892 1406 1928 ταύτας
1426 1892 1516 1933 ἡμεῖς
1536 1892 1712 1931 ἀναβάντες

176 1929 231 1959 ἐπὶ
252 1930 288 1960 τὸ
308 1930 503 1962 nont-tvm
524 1932 577 1960 καλ
594 1930 736 1971 μέταλλά
762 1940 834 1961 τινα
853 1930 887 1960 ἔν
907 1933 944 1972 τῇ
985 1931 1052 1972 ὥρᾳ
1080 1932 1311 1971 ἐκλελειμμένα.
1351 1931 1481 1971 εἴδομεν
1504 1931 1540 1961 δὲ
1564 1932 1620 1960 καί
1640 1930 1712 1964 τοὺς

178 1967 404 2008 ἐργαζομένους
424 1968 480 1999 τὸν
499 1968 573 2004 σίδη
648 1968 705 1999 τὸν
724 1967 759 1997 ἐκ
778 1970 832 2005 τῆς
851 1942 1014 2003 Alaudae
1031 1967 1249 2008 κομιζόμενον.

253 2005 283 2042 5)
303 2014 334 2044 p.
354 2007 419 2036 225.
452 2005 534 2045 μετά
555 2006 576 2035 δ
611 2006 647 2036 τὸ
668 2004 862 2036 Ποπλώνιον
882 2004 987 2035 Κόσαι
1011 2005 1106 2041 πόλις
1124 2006 1241 2045 μικρὸν
1266 2005 1345 2045 ὑπὲρ
1364 2007 1418 2042 τῆς
1438 2004 1607 2043 θαλόττης.
1642 2005 1711 2035 ἔστι

178 2041 214 2071 δ’
236 2041 271 2073 ἔν
288 2042 398 2082 κόλπῳ
417 2043 528 2081 βουνὸς
546 2042 564 2075 ὖ
595 2042 677 2089 ηλός,
696 2042 745 2092 ἐφ’
766 2035 803 2072 οὗ
825 2042 860 2072 τὸ
880 2045 1015 2082 κτίσμα·
1035 2043 1202 2087 ᾖπόκειται
1223 2042 1256 2072 δ’
1277 2043 1463 2083 Ἡρακλέους
1480 2041 1576 2084 λιμήν
1594 2044 1652 2074 eto.
1682 2074 1685 2076 ,

252 2080 283 2118 6)
303 2089 334 2119 p.
355 2082 421 2111 232.
456 2082 526 2111 νυν)
588 2092 606 2111 ν
626 2091 683 2115 ουν
702 2083 834 2110 ανεῖται
866 2080 942 2118 (scil.
970 2081 1110 2118 Antium)
1145 2084 1212 2113 τοῖς
1245 2080 1402 2118 ἡγεμόσιν
1433 2081 1479 2114 εἰς
1511 2080 1626 2119 σχολὴν
1657 2081 1712 2110 καὶ

177 2115 288 2164 ἄνεσιν
309 2119 375 2148 ταῖν
396 2119 576 2153 πολιτικῶν,
601 2117 655 2148 ὅτε
673 2117 798 2154 λάβοιεν
817 2118 936 2164 καιρόν,
955 2119 1015 2163 ’καὶ
1033 2118 1088 2148 διὰ
1108 2120 1202 2148 τοῦτο
1223 2116 1503 2157 κατῳκοδόμηνται
1529 2118 1712 2152 πολυτελεῖς
1730 2136 1733 2139 >

176 2154 776 2230 ⁰¹22‘7‘5‘2>‘'pssff2a’3‘f²‘;3:„²;⁶;25'⁰3{
796 2154 1213 2229 2225}⁰‘<·;2{ff‘m³m.0'“³'¹ssss5
1232 2155 1323 2231 Ἕνα
1352 2190 1426 2228 ειυς,
1448 2189 1466 2222 ε
1494 2193 1621 2222 nmo«.
1650 2189 1711 2223 aa,
1765 2174 1768 2176 ’

178 2231 323 2268 ποταμοί
342 2253 350 2261 .
365 2251 374 2260 .
390 2230 401 2260 .’
416 2252 423 2259 .
455 2228 605 2264 ἐνταῦθα,
625 2228 660 2259 δὲ
680 2227 836 2259 συνάπτει
856 2230 892 2267 τῇ
914 2227 1057 2270 θαλάττῃ
1076 2231 1207 2267 πρῶτον
1225 2230 1243 2267 ὴ
1261 2228 1380 2259 aaut«
1399 2227 1477 2263 όδός
1498 2229 1555 2260 eto.
1575 2230 1711 2266 πλησίον

178 2267 215 2297 δὲ
234 2270 289 2304 τῆς
309 2267 510 2307 Ταρρακίνης
526 2266 686 2303 βαδίζοντι
706 2266 768 2300 ἐπὶ,
788 2267 842 2303 τῆς
860 2265 979 2303 Ῥώμης
999 2268 1228 2313 παραβέβληται
1249 2269 1288 2306 τῇ
1320 2266 1388 2305 όδᾷ
1413 2266 1430 2303 ἡ
1446 2266 1566 2296 nuncu
1591 2266 1711 2304 διῶρυξ

179 2327 187 2335 .
200 2326 209 2335 .
224 2327 232 2335 .
247 2327 255 2335 .
276 2305 403 2334 πλεῖται
424 2303 461 2333 δὲ
478 2302 619 2342 μάλιστα
639 2303 701 2343 μὲν
719 2301 853 2340 νύκτωρ,
874 2301 949 2333 ὣστ’
975 2302 1134 2349 ἔμβαντας
1163 2302 1220 2342 α’φ·
1246 2303 1382 2342 ἑσπέρας
1406 2302 1564 2341 ἐκβαίνειν
1587 2305 1711 2347 negot-⁴15

176 2342 230 2371 καὶ
247 2340 387 2379 βαδίζειν
412 2340 447 2369 τὸ
467 2339 581 2370 λοιπὸν
601 2342 637 2382 τῇ
657 2339 734 2378 ὁδῷ,
753 2338 831 2369 ἀλλὰ
844 2340 895 2368 καὶ
912 2338 988 2380 μεθ’
1011 2342 1144 2380 ημέραν·
1164 2340 1335 2381 ρυμουλκεῖ
1358 2340 1380 2369 δ
1386 2339 1549 2380 ’ἡμιόνιοκ
1584 2340 1614 2378 9)
1635 2339 1708 2370 ibid.

178 2379 300 2417 ιὶνέυγέ
316 2378 342 2408 τ’
364 2377 506 2409 ἐνταῦθα
526 2377 666 2415 σπήλαια
686 2377 898 2416 ὑπερμεγέθη,
918 2380 1079 2412 κατοικίας
1097 2378 1241 2424 μεγάλας
1254 2379 1306 2408 καὶ
1331 2379 1510 2414 πολυτελεῖς
1534 2377 1709 2418 δεδεγμίνα

229 2439 236 2447 .
252 2439 260 2446 .
283 2417 348 2446 ταῖν
360 2415 397 2445 δὲ
418 2417 583 2452 σπηλαίων
602 2415 636 2445 ἔν
656 2414 732 2453 ὄψει
750 2414 890 2453 μάλιστα
910 2414 1095 2461 πρόκεινται
1109 2415 1168 2445 δυο
1187 2416 1225 2445 ν’
1246 2427 1275 2445 οι
1295 2417 1352 2446 etc.
1530 2434 1534 2436 -
1742 2443 1747 2448 .

257 2454 303 2491 10)
325 2453 372 2491 11)
391 2461 420 2492 p.
441 2453 506 2484 238.
548 2452 686 2493 Τίβούρα
703 2454 774 2492 μέν,
794 2451 828 2482 ἐν
847 2444 866 2492 ᾗ
882 2451 917 2482 τὸ
941 2451 1118 2491 Ηρόκλειον
1138 2454 1190 2483 καὶ
1208 2464 1226 2483 ο
1245 2451 1443 2494 καταράκτης
1456 2454 1512 2484 eto.
1541 2453 1709 2491 Τυίῖσκλον,

178 2489 272 2527 πόλις
295 2491 332 2521 οὐ
351 2491 481 2532 ‹gavim-
498 2491 774 2530 κατεσκευασμένη
790 2512 896 2526 .....
914 2489 982 2520 ἐστὶ
1000 2488 1099 2530 λόφος
1119 2513 1127 2521 .
1142 2514 1150 2522 .
1168 2515 1175 2522 .
1189 2515 1196 2522 .
1219 2490 1392 2532 δεχόμενος
1415 2492 1583 2530 βασιλείων
1607 2501 1709 2521 κατα-

178 2530 293 2563 σκευὰς
311 2528 572 2568 ἐκπρεπεστάταις
591 2530 649 2560 etc.

256 2568 303 2605 12)
323 2576 353 2606 p.
375 2569 439 2598 239.
464 2566 649 2606 ὑπέρκειται
675 2565 711 2596 δ’
727 2565 822 2604 αὐτῆς
840 2565 916 2604 (scil.
941 2564 1087 2605 Ἀρικίας)
1108 2566 1143 2597 τὸ
1165 2568 1228 2606 μίν
1245 2566 1410 2598 Λανούιον
1429 2588 1531 2598 .....
1560 2566 1596 2597 ἐν
1620 2566 1710 2605 δεξιᾷ

179 2608 234 2644 '³¹⁶
246 2605 386 2681 {aazia
404 2598 795 2673 ⁶⁶⁰0⁶u÷v3fitssz¹zzz¹⁰⁶
813 2601 832 2641 ἥ
853 2603 1052 2673 &52²5
1073 2604 1273 2672 “ziam-‘⁶
1285 2602 1459 2674 ³¹2¹&-
1494 2614 1572 2673 ⁶30⁶
1676 2641 1710 2676 ,ε

169 2680 306 2721 ,Ἀρικείας
324 2653 552 2718 ἀναβιίιτνουσιν
570 2653 680 2711 οἴαξι.
697 2704 704 2711 .
720 2702 728 2709 .
754 2665 823 2714 τ’ἄς·
837 2662 844 2671 ⁶
860 2680 895 2711 ὲν
922 2676 978 2710 οὖν
1002 2653 1106 2725 πηζᾴς
1119 2653 1147 2710 ρο·
1170 2653 1225 2710 {ve
1245 2653 1496 2718 στίινῗοὲἕῶνιςῆ
1515 2681 1610 2720 λίμνη
1629 2654 1710 2717 ’fln-

177 2720 286 2758 ροῦται
307 2719 364 2750 etc.
384 2733 423 2740 —
449 2718 496 2756 14)
516 2726 546 2767 p.
567 2719 632 2749 240.
654 2717 717 2757 Ῑχει
737 2717 774 2748 δὲ
793 2690 857 2747 καῖ
866 2718 957 2748 τοῦτο
976 2734 1013 2740 —-
1040 2717 1104 2749 soll.
1127 2728 1144 2747 τ
1174 2717 1224 2748 Ἀ).
1244 2718 1323 2749 ανόν
1342 2715 1416 2757 ὄρος
1434 2734 1471 2740 -
1491 2719 1607 2758 λίμνην
1628 2717 1708 2748 πολὺ

176 2758 274 2796 μείζω
296 2759 350 2794 τῆς
368 2756 449 2786 κατὰ
468 2756 504 2786 τὸ
515 2757 723 2797 Αρτεμίσιον.
743 2771 781 2778 -
802 2756 848 2794 15)
865 2755 902 2787 V.
922 2764 952 2794 p.
975 2757 1038 2787 233.
1058 2771 1095 2778 -—
1117 2756 1164 2794 16)
1229 2777 1237 2786 .
1257 2764 1289 2795 p.
1308 2756 1396 2787 278⁸.
