1856 2931
153 162 257 204 finis,
294 162 473 206 Aethiopici
507 162 645 197 initium.
691 162 830 197 Prorsus
861 162 946 197 enim
961 162 1108 205 ignoro,
1136 161 1252 206 quibus
1273 156 1474 202 argumentis
1493 160 1687 195 Mommseui

156 209 282 244 *nitatur
315 208 446 252 opinio,
481 208 657 251 Aethiopes
681 208 806 252 Syenen
837 218 1012 252 occupasse
1033 217 1063 241 a.
1086 218 1116 241 u.
1140 218 1169 241 c.
1194 210 1292 249 730„
1309 206 1497 240 Petronium
1533 217 1608 239 vero
1631 217 1688 240 se—

154 258 278 299 quente
306 253 436 287 demum
470 263 556 288 anno
591 258 704 288 contra
735 263 793 288 eos
826 254 1005 298 profectum
1029 263 1111 289 esse.
1160 252 1218 287 Cui
1245 252 1388 296 opinioni
1413 251 1471 286 vel·
1485 251 1550 286 hoc
1572 250 1687 293 obstat,

161 300 246 345 quod
271 299 456 343 Aethiopes,
481 300 509 334 si
533 300 706 335 Petronius
730 305 794 334 tam
818 300 874 334 diu
896 303 1062 334 cunctatus
1085 304 1181 340 esset,
1205 299 1305 333 multo
1330 298 1458 343 longius
1490 298 1524 332 in
1544 299 1686 343 Aegypto

183 356 221 380 ro
261 345 325 379 essi
349 350 467 380 essent.
1049 377 1053 379 .
1083 377 1086 379 .
1412 376 1414 378 ,

161 356 181 389 Ρ
223 356 374 425 81,Αιῐὼειε
406 396 511 425 autem
544 391 764 435 expeditiones
801 391 974 437 quominus
1005 402 1069 425 uno
1101 390 1281 434 eodemque
1303 400 1389 424 anno
1414 389 1539 424 initium
1564 390 1688 435 cepisse

161 442 354 477 statuamus,
382 437 577 481 impedimur
601 456 644 462 —
669 443 704 472 ut
733 438 793 472 alia
819 437 946 472 mittam
971 456 1018 461 —
1041 442 1252 470 monumento
1276 439 1464 480 Ancyram,
1486 446 1550 480 quo
1573 436 1686 469 eodem

159 484 265 524 ‚,fere“
287 487 442 526 tempore,
466 493 544 527 ergo
569 494 634 517 non
658 495 794 528 prorsus
816 484 939 522 eodem,
964 482 1122 516 exercitus
1146 488 1178 515 et
1208 482 1241 515 in
1266 482 1414 515 Arabiam
1439 487 1471 514 et
1495 482 1527 515 in
1553 481 1687 515 Aethio—

161 529 246 572 piam
272 528 391 563 missos
415 539 487 562 esse
511 528 666 563 docemur
681 529 714 571 ¹).

254 574 335 617 Hinc
358 574 496 608 efficitur
519 584 645 609 errasse
672 576 726 620 qui
751 574 875 608 Gallum
899 584 927 610 a.
952 584 982 608 u.
1006 584 1035 609 c.
1064 576 1141 608 729.
1165 587 1212 602 =
1236 584 1262 607 a,
1289 573 1365 607 Chr.
1391 583 1422 607 n.
1449 575 1503 607 25.
1521 572 1553 606 in
1570 571 1688 606 bellum

163 620 343 663 profectum
369 631 441 654 esse
466 626 653 656 censerent:
687 631 823 666 quorum
849 620 876 654 si
902 631 973 654 vera
998 625 1085 653 esset
1110 620 1229 663 opinio,
1253 630 1281 653 a.
1308 622 1384 654 730.
1407 632 1451 647 =
1477 621 1529 653 24.
1555 625 1588 652 et
1612 618 1686 651 Gal—

161 666 227 700 lum
252 666 424 700 revertisse
449 671 481 700 et
505 667 678 711 Aethiopes
702 668 841 711 primum
866 667 1023 709 irrupisse
1054 671 1249 710 sequeretur,
1280 666 1396 698 iterum
1429 669 1533 698 autem
1556 674 1584 697 a.
1611 666 1687 698 731.

161 726 207 739 =
232 711 360 746 23.:-id
385 713 480 756 quod,
504 723 575 746 cum
603 716 655 747 21.
680 714 808 748 demum
829 723 857 748 a.
883 712 958 746 Chr.
984 722 1014 745 n.
1038 722 1123 746 anno
1145 711 1336 755 legationem
1360 710 1446 745 illam
1466 709 1686 754 Aethiopicam

161 757 200 791 ad
227 757 405 800 Augustum
425 759 551 792 venisse
574 765 709 800 constet,
734 759 802 793 fieri
829 758 963 792 omnino
987 768 1054 791 non
1079 758 1225 800 potuisse
1250 768 1286 790 ex
1310 757 1366 796 eis
1390 767 1470 800 quae
1488 766 1584 800 supra
1604 755 1687 789 dicta

164 808 248 842 sunt,
272 814 426 847 apparere
450 809 537 848 puto.
585 805 650 839 Nec
674 805 775 849 magis
803 811 889 839 recte
913 806 947 839 C.
965 805 1059 838 Peter
1082 803 1244 837 biennium
1269 804 1336 837 fere
1354 802 1553 836 intercedere
1576 801 1688 835 statuit

163 849 246 882 inter
270 850 505 893 expeditionem
531 851 697 885 Arabicam
723 857 755 885 et
782 850 1004 894 Aethiopicam
1036 851 1176 893 priorem
1202 868 1247 873 —
1271 849 1356 882 illam
1381 848 1467 882 enim
1493 848 1587 882 annis
1610 850 1686 881 729.

163 900 196 928 et
221 897 297 929 730.
320 896 480 935 attribuit,
515 897 597 930 hanc
620 907 704 931 anno
729 899 804 931 732.
829 916 873 921 -
897 896 998 930 immo
1030 906 1094 930 uno
1126 896 1306 940 eodemque
1329 905 1415 928 anno
1439 894 1492 928 illa
1516 893 1605 927 finita
1628 897 1687 933 est,

162 941 242 974 haec
275 940 410 985 incepta.
457 942 543 986 Ergo
576 953 648 976 cum
672 944 770 977 altera
802 942 962 987 expeditio
986 941 1174 986 Aethiopica
1203 942 1283 975 facta
1310 940 1353 975 sit
1379 952 1408 975 a.
1432 951 1462 975 u.
1487 951 1515 976 c.
1540 942 1616 974 733.
1640 954 1687 967 =

161 997 188 1020 a.
213 987 288 1020 Chr.
313 997 345 1021 n.
370 990 433 1029 21„
455 988 547 1032 prior
570 999 655 1022 anno
681 992 757 1023 732.
779 1004 825 1016 =
851 991 914 1028 22„
938 988 1071 1027 Gallum,
1095 988 1245 1032 quoniam
1271 992 1404 1021 exeunte
1429 987 1492 1020 hoc
1508 986 1580 1031 ipso
1599 996 1685 1032 anno

162 1043 200 1066 ex
223 1032 337 1066 Arabia
362 1034 500 1074 revertit,
526 1034 660 1068 omnino
685 1034 847 1068 biennium
872 1045 972 1078 paene
997 1034 1041 1068 ibi
1058 1038 1211 1073 versatus,
1236 1033 1418 1067 necessario
1437 1032 1583 1077 sequitur
1598 1031 1686 1065 nullo

162 1078 224 1112 alio
246 1089 331 1112 anno
355 1079 389 1113 in
413 1079 529 1114 bellum
552 1081 731 1124 profectum
755 1092 827 1114 esse
849 1080 911 1114 nisi
933 1083 1009 1115 731.
1035 1091 1063 1113 u.
1089 1091 1115 1114 c.
1140 1095 1184 1108 =
1209 1090 1236 1114 a.
1262 1080 1338 1113 Chr.
1361 1090 1392 1112 n.
1416 1080 1470 1113 23.

255 1125 378 1168 Sponte
397 1125 462 1169 jam
487 1132 617 1169 apparet
643 1137 768 1159 errasse
793 1127 1039 1164 Mommsenum‚
1073 1126 1125 1170 qui
1151 1125 1274 1158 Aelium
1299 1124 1424 1157 Gallum
1448 1135 1476 1159 a.
1503 1134 1532 1157 u.
1557 1134 1583 1156 c.
1609 1125 1685 1156 730.

94 1173 97 1176 ’
161 1184 209 1197 --
231 1180 259 1202 a.
285 1170 360 1204 Chr.
386 1181 418 1203 n.
444 1173 488 1204 24
514 1177 646 1215 propter
671 1172 830 1205 infelicem
854 1171 1067 1214 expeditionis
1094 1170 1246 1204 Arabicae
1271 1174 1418 1203 eventum
1448 1180 1465 1202 a
1486 1169 1685 1213 praefectura

164 1219 325 1248 remotum
348 1226 420 1249 esse
444 1221 543 1259 putat.
604 1217 650 1250 Ne
675 1218 738 1250 hoc
762 1217 890 1260 quidem
916 1221 1037 1250 certum
1062 1221 1120 1256 est,
1146 1226 1221 1249 num
1246 1216 1298 1248 ille
1324 1220 1408 1257 tunc,
1433 1225 1507 1248 cum
1531 1213 1685 1257 expedio·

163 1270 237 1294 nem
270 1260 359 1301 fecit,
393 1272 427 1294 re
452 1272 522 1295 vera
555 1263 733 1305 praefectus
759 1262 891 1305 Aegypti
916 1262 1019 1296 fuerit.
1067 1262 1100 1295 ld
1131 1261 1216 1306 quod
1241 1261 1353 1294 Dionis
1377 1271 1394 1293 e
1419 1259 1524 1294 verbis
1534 1258 1571 1299 ²),
1606 1269 1687 1303 quae

161 1306 383 1340 Mommsenus
406 1308 512 1347 affert,
552 1308 683 1341 minime
708 1308 869 1352 sequitur:
894 1318 973 1352 quae
998 1308 1170 1341 ostendunt
1193 1306 1332 1350 quidem,
1363 1305 1539 1349 praefuisse
1563 1305 1685 1338 Aelium

162 1351 285 1384 Gallum
301 1354 458 1395 Aegypto:
480 1363 543 1396 quo
568 1358 675 1386 tamen
700 1359 846 1396 tempore
870 1353 1049 1396 praefuerit.
1074 1353 1149 1386 inde
1164 1363 1230 1385 non
1251 1357 1344 1395 patet.
1395 1352 1517 1385 Plinius
1528 1350 1554 1391 ³)
1578 1355 1685 1383 autem

163 1396 247 1440 quod
282 1396 405 1431 Gallum
437 1409 473 1431 ex
508 1398 648 1442 equestri
687 1399 802 1432 ordine.
836 1398 934 1432 fuisse
970 1403 1218 1438 commemorat,
1258 1408 1322 1431 non
1354 1397 1446 1431 video
1478 1407 1538 1441 qua
1563 1395 1687 1429 ratione

164 1443 384 1477 Mommsenus
416 1444 581 1488 opinionis
617 1455 692 1479 suae
725 1445 814 1488 quasi
848 1445 1083 1478 firmamentum
1119 1443 1280 1487 proferat3
1316 1449 1404 1477 certe
1438 1454 1503 1477 non
1528 1441 1687 1485 intellego,

165 1499 229 1531 quo
249 1488 320 1531 jure
343 1489 406 1522 illis
430 1489 524 1522 Plinii
550 1490 655 1523 verbis
680 1490 853 1533 significari
874 1489 959 1523 dicat
983 1490 1105 1523 Gallum
1130 1494 1196 1523 tum
1227 1490 1418 1533 praefectum
1443 1489 1558 1522 fuisse:
1586 1487 1686 1521 immo

165 1533 236 1566 talis
270 1538 320 1567 est
343 1534 560 1568 Plinianorum
597 1536 638 1569 de
663 1536 816 1569 Petronio
849 1540 880 1569 et
904 1536 994 1570 Gallo
1017 1536 1163 1569 locorum
1189 1535 1289 1574 ratio,
1320 1540 1354 1568 ut
1384 1535 1474 1569 facile
1497 1534 1571 1568 inde
1593 1533 1687 1572 hunc,

164 1589 235 1613 cum
263 1579 294 1613 in
318 1580 432 1614 Arabia
455 1586 643 1623 versaretur,
667 1582 721 1615 illo
746 1592 878 1615 munere
902 1592 966 1615 non
991 1592 1063 1615 esse
1087 1582 1228 1615 sunctum
1254 1581 1394 1625 colligas.
1432 1579 1566 1624 Josephi
1578 1579 1605 1620 ⁴)
1629 1578 1686 1612 de-

163 1625 259 1669 nique
288 1626 321 1659 in
351 1627 457 1660 verbis
486 1627 518 1660 ni
548 1628 622 1668 lest,
659 1638 722 1672 quo
753 1633 807 1660 aut
837 1628 1047 1660 confirmetur
1072 1627 1265 1661 Mommseni
1299 1628 1409 1670 opinio
1447 1632 1500 1660 aut
1531 1626 1688 1659 refutetur

162 1676 283 1705 nostra.

255 1717 378 1759 Quodsi
402 1723 565 1762 praeterea
589 1719 810 1753 Mommsenus
835 1730 987 1763 apparere
1011 1723 1114 1762 negat,
1139 1730 1202 1763 quo
1226 1719 1288 1752 alio
1313 1719 1444 1753 nomine
1460 1718 1568 1752 Gallus
1591 1729 1687 1762 expe-

163 1762 278 1797 ditioni
312 1763 355 1797 illi
389 1764 561 1807 praefuerit
592 1764 639 1797 vel
674 1766 754 1799 adeo
780 1776 930 1809 praeesse
962 1765 1116 1808 potuerit.
1142 1764 1203 1798 nisi
1228 1766 1445 1808 praefecturae
1469 1764 1688 1808 Aegyptiacae,

163 1809 405 1843 concedendum
431 1820 508 1843 sane
531 1816 581 1844 est
604 1811 683 1844 certi
709 1812 771 1845 hac
792 1812 832 1845 de
858 1822 893 1844 re
915 1811 961 1844 nil
984 1816 1142 1845 constare.
1191 1811 1309 1844 Potuit·
1322 1816 1428 1844 tamen
1455 1811 1563 1845 Aelius
1580 1810 1688 1843 Gallus

163 1855 209 1888 vel
244 1855 283 1889 ad
308 1855 371 1888 hoc
395 1856 517 1899 ipsum,
552 1862 586 1890 ut
611 1857 785 1890 exercitum
810 1858 842 1890 in
868 1857 1015 1890 Arabiam
1040 1857 1188 1896 duceret,
1217 1856 1298 1890 mitti
1327 1857 1367 1890 ab
1390 1858 1543 1901 Augusto,
1567 1855 1688 1889 nullum

162 1900 247 1934 aliud
272 1901 334 1934 nisi
361 1901 487 1944 imperii
514 1902 663 1935 obtinens
688 1913 804 1935 munus
818 1902 867 1945 ⁵)3
892 1903 940 1935 vel
964 1921 1009 1926 —
1033 1902 1065 1935 id
1090 1903 1175 1946 quod
1201 1903 1264 1935 veri
1289 1907 1338 1935 est
1360 1903 1460 1935 multo
1486 1901 1625 1935 similius
1643 1919 1683 1924 —

163 1956 200 1978 ex
226 1956 339 1979 eorum
364 1957 435 1979 esse
461 1948 702 1989 magistratuum
727 1958 873 1988 numero,
897 1947 1013 1991 quibus
1036 1948 1209 1981 commissa
1233 1953 1302 1981 erat
1324 1947 1364 1980 ab
1386 1949 1528 1991 Augusto
1553 1946 1688 1990 Aegypti

161 1991 347 2034 provinciae
379 1992 615 2026 administratio
628 1993 665 2034 ὅ).
713 1993 782 2026 Huc
821 1993 952 2033 accedit,
984 1994 1069 2037 quod
1094 1993 1183 2026 valde
1206 1993 1336 2026 dubium
1370 1999 1428 2032 est,
1451 2003 1526 2026 num
1551 1992 1601 2035 ei,
1636 1991 1688 2035 qui

165 2043 311 2080 praeerat
328 2038 493 2086 Aegypto,
527 2039 716 2083 provinciae
746 2050 859 2073 recens
889 2039 1017 2073 demum
1043 2039 1261 2073 Romanorum
1294 2040 1326 2072 in
1357 2039 1510 2072 ditionem
1534 2038 1689 2075 redactae.

162 2087 283 2117 tantum
313 2084 469 2127 temporis
495 2085 631 2129 spatium
654 2085 766 2118 abesse
788 2085 922 2119 licuerit.

254 2129 342 2169 Quae
366 2140 438 2162 cum
464 2130 506 2164 ita
533 2130 606 2174 sint,
632 2130 871 2174 comprobanda
897 2132 958 2164 erit
984 2131 1140 2173 Vargesii,
1165 2131 1332 2174 Kruegeri,
1364 2130 1502 2164 Merivali
1529 2130 1640 2174 opinio
1654 2129 1688 2170 Ἴ),

161 2175 287 2209 Aelium
307 2175 442 2219 Gallum,
470 2176 545 2210 dum
571 2177 741 2210 Petronius
765 2183 894 2220 praeest
909 2178 1065 2221 Aegypto,
1088 2177 1260 2210 exercitum
1282 2177 1314 2210 in
1331 2176 1478 2212 Arabiam
1501 2175 1632 2210 duxisse
1656 2182 1688 2209 et

161 2221 261 2254 finitis
291 2221 548 2264 expeditionibus
573 2222 770 2266 Aethiopicis
808 2223 883 2256 buic
906 2223 969 2268 ipsi
1003 2223 1035 2256 in
1070 2224 1268 2267 praefectura
1299 2223 1513 2263 successisse,
1545 2223 1689 2267 quamvis

160 2266 332 2300 Arabicum
356 2267 473 2301 bellum
497 2269 604 2301 minus
628 2268 709 2301 bene
733 2269 905 2302 evenisset.
951 2270 1032 2303 Nam
1057 2280 1131 2303 cave
1155 2275 1248 2313 putes
1273 2269 1395 2302 Gallum
1419 2273 1589 2312 propterea
1605 2269 1688 2312 apud

181 2393 187 2396 ’
236 2395 264 2467 ¹3
284 2394 347 2438 Gfr.
366 2395 505 2425 Momms.
525 2395 585 2429 1.,1.
606 2405 636 2433 p.
657 2397 702 2425 73.
1237 2430 1244 2440 Ι

234 2432 343 2498 ἳέπῖὲῖ
361 2432 513 2498 ἓξξξσὲἓε
535 2432 588 2461 ἐπὶ
606 2431 669 2470 γὰρ
682 2432 829 2473 Ἀραβίαν
851 2434 899 2463 etc
902 2455 1048 2462 .......
1070 2433 1179 2464 Αἴλιος
1199 2433 1315 2465 Γαλὶος
1336 2431 1354 2461 ὀ
1376 2434 1430 2468 τῆς
1443 2431 1613 2470 Αἰγύπτου
1634 2432 1689 2471 ἅρ-

154 2479 225 2506 χων
234 2507 263 2543 3)
282 2480 362 2536 P1in⁰
381 2506 434 2550 Vi,
457 2492 525 2536 1662
551 2506 684 2550 Romana
711 2516 797 2537 arma
823 2506 904 2537 solus
934 2506 963 2536 in
984 2515 1050 2537 eam
1070 2508 1184 2536 terram
1209 2505 1307 2536 adhuc
1331 2506 1438 2551 intulit
1457 2507 1562 2551 Aelius
1582 2507 1690 2552 Gallus

157 2552 192 2573 ex
211 2544 344 2611 equestri
361 2543 472 2574 ordme.
503 2544 555 2588 ‚VL
578 2545 646 2589 131:
667 2545 820 2589 mtravere
840 2545 946 2589 sutem
961 2545 991 2574 et
1011 2553 1045 2574 eo
1065 2553 1149 2573 arma
1161 2543 1293 2588 Romans
1312 2544 1374 2574 divi
1395 2546 1526 2584 Augusta
1545 2547 1691 2584 temporl·

157 2581 214 2611 bus
231 2590 309 2649 4¹¹?
333 2581 367 2611 P.
388 2581 663 2649 Ιίεὲὲᾚιοθεέηὲεο
684 2584 835 2649 εφιεῗξξιῗ
852 2581 1135 2648 οἷᾶιιέιεὶρηθίεοῐιο
1154 2582 1295 2627 Aegypti.
1548 2620 1554 2631 ἱ
1674 2637 1690 2642 -

178 2657 231 2687 ‘av
251 2620 742 2696 kngsktqduoogaehnffztggne
838 2630 861 2648 n
895 2623 926 2649 A
941 2629 1063 2657 γυπιου
1083 2630 1121 2648 ια
1136 2630 1297 2658 χρηματα,
1320 2623 1503 2660 Πετρωνίου
1523 2631 1579 2658 την
1592 2620 1673 2659 &nup

152 2666 177 2694 χ
233 2694 263 2741 5)
284 2694 366 2724 Haec
386 2694 523 2724 Merivali
543 2695 661 2724 videtur
681 2704 746 2725 esse
765 2695 930 2731 sententio&
950 2694 1002 2724 cfr.
1024 2694 1141 2732 history
1162 2695 1195 2724 of
1212 2694 1264 2724 the
1277 2694 1409 2738 Romans
1429 2697 1485 2739 etc.
1507 2696 1559 2730 IV,
1581 2705 1610 2734 p.
1628 2698 1691 2725 151·.

157 2731 788 2809 >ffi12-
1069 2733 1155 2764 “m
1325 2741 1495 2775 ww
1593 2743 1621 2774 ν·
