1856 2931
859 101 863 105 ’
907 91 929 124 5

158 177 382 224 ψηκτῐὶοπια
412 176 584 219 discessit,
615 183 690 221 pro*
708 183 798 214 certo
831 178 893 213 dici
922 178 1053 223 'nequitz
1094 178 1178 213 haud
1212 178 1281 213 scio
1308 188 1349 213 an
1382 178 1446 212 hoc
1469 177 1502 212 in
1527 177 1684 220 temporis

157 220 303 267 spatium
326 222 469 257 incidant
491 223 606 257 itinera
629 224 804 267 geographi
836 236 894 267 per
918 226 1027 259 Asiam
1052 225 1211 260 minorem
1237 226 1326 258 facta.
1376 224 1439 257 Per
1464 235 1500 256 se
1532 223 1620 256 enim
1646 233 1694 256 ex<

157 269 220 308 eis,
241 278 322 310 quae
346 277 441 309 supra
470 267 552 300 dicta
576 273 660 306 sunt,
685 269 830 311 sequitur
852 279 987 311 prorsus
1009 270 1118 302 falsam
1142 279 1215 302 esse
1232 269 1424 302 Groskurdii
1445 268 1632 311 opinionem
1649 267 1683 308 ¹),

158 312 213 356 qui
237 312 377 356 primum
402 322 460 351 per
484 311 603 352 Asiam.
637 313 752 346 deinde
783 324 841 357 per
862 313 1040 358 Europam,
1073 313 1212 357 denique
1244 325 1302 358 per
1326 314 1464 348 Africam
1489 312 1681 346 Strabonem

157 357 412 394 itinerafecisse
435 362 533 400 putat.

248 403 307 436 Illo
330 402 430 445 igitur
453 412 538 436 anno
563 404 765 447 geographus
790 414 829 437 ex
852 404 927 437 Asia
951 404 984 437 in
1015 404 1180 438 Graeciam
1205 410 1313 438 vectus
1345 411 1410 446 est;
1450 409 1561 438 narrat
1584 403 1683 442 enim,

157 459 194 489 se
210 457 329 481 -navem
353 447 393 481 ad
418 447 554 484 insulam
580 449 718 492 Gyarum
741 449 902 493 appulisse
926 455 959 482 et
982 449 1043 483 hac
1065 449 1105 483 ab
1123 450 1226 483 insula
1244 461 1303 483 una
1328 460 1438 484 secum
1458 450 1596 493 legatum
1620 449 1682 482 iter

157 493 272 527 fecisse
296 493 335 526 ad
360 494 556 536 Augustum,
579 494 633 537 qui
653 499 725 527 tum
750 495 1065 529 Corinthi·versatus
1088 495 1131 528 sit
1161 494 1313 537 βαδίζων
1343 492 1396 528 ἐπὶ
1419 491 1483 528 τὸν
1506 493 1682 537 θρίαμβον

156 535 219 571 τόν
239 534 417 572 Ἀκτιακόν
429 537 466 579 ²).
501 539 603 578 Quem
630 539 826 583 triumphum
850 550 923 572 cum
948 549 1058 573 mense
1082 540 1226 583 Augusto
1250 551 1277 572 a.
1305 543 1359 575 29.
1384 546 1491 573 actum
1511 551 1584 573 esse
1601 549 1681 573 con·

157 587 229 624 stet,
253 588 328 617 ante
347 584 411 617 hoc
434 589 561 625 tempus
584 583 699 617 Strabo
732 584 923 619 corinthum
950 584 1071 618 venerit
1093 595 1226 618 necesse
1250 591 1308 619 est.
1663 615 1666 618 ⁴

250 629 319 662 Hoc
342 629 458 661 itinere
482 628 702 662 Groskurdius
726 629 826 662 utitur
838 630 876 662 ad
894 629 1116 672 reperiendum
1137 640 1266 670 annum,
1292 641 1354 674 quo
1368 631 1571 673 geographus
1588 635 1681 671 natus

158 674 201 707 sit
214 673 251 715 ³).
275 708 277 710 ,
299 674 401 714 Quam
425 673 585 706 rationem
612 674 852 707 Hasenmueller
874 674 984 707 falsam
1012 684 1085 707 esse
1109 674 1305 717 ostendit⁴);
1341 675 1450 708 nescio
1476 680 1592 713 tamen,
1616 684 1681 718 quo

151 720 225 763 jure
248 719 333 753 idem
359 718 558 762 negaverit5)
582 718 773 753 Strabonem
797 719 863 753 ino·
878 719 992 752 itinere
1016 719 1150 753 Romam
1173 721 1375 763 pervenisse:
1409 721 1441 754 id
1466 720 1551 764 quod
1577 720 1680 753 Gros-

157 765 291 797 kurdius
315 766 434 797 statuit.
456 764 581 796 Etenim
605 765 690 796 hunc
714 764 813 804 fuisse
837 764 920 797 illius
943 764 1070 797 itineris
1094 765 1190 797 finem
1216 776 1274 808 pro
1298 770 1388 798 certo
1405 776 1508 809 neque
1522 765 1682 798 affirmare

155 809 230 842 licet
253 819 355 853 neque
380 818 497 852 negare.
507 808 545 849 ⁶).
1197 821 1199 823 ·

247 855 318 888 Jam
344 854 488 898 Aegyptii
512 854 640 888 itineris
665 855 704 888 de
735 854 880 898 tempor‘e
902 854 1118 898 quaerendum
1145 860 1204 888 est.
1253 856 1346 896 Quod
1371 855 1587 898 geographum
1613 855 1680 898 pri—

157 910 244 933 mum
269 905 397 932 constat
420 909 493 932 cum
517 900 607 932 Aelio
633 900 721 933 Gallo
742 900 857 934 fecisse
877 904 944 932 tum
963 900 1094 942 Aegypti
1109 901 1268 942 praefecto
1286 900 1324 940 ⁷).
1360 901 1445 942 Ergo
1460 900 1559 933 altera
1577 900 1681 933 oritur

154 945 233 979 baec
257 944 411 989 quaestio,
433 954 572 988 quonam
605 949 751 989 tempore
782 945 891 978 Gallus
916 945 1113 988 praefectura
1148 945 1274 979 functus
1309 945 1360 979 sit.
1406 946 1475 986 Qua
1498 945 1538 979 de
1562 955 1597 978 re
1622 944 1680 978 viri

155 990 242 1024 docti
267 1000 382 1023 omnes
406 990 491 1033 quod
517 990 615 1023 sciam
649 995 777 1033 praeter
800 1001 899 1023 unum
923 990 966 1023 ita
993 990 1210 1029 consentiunt,
1241 996 1276 1023 ut
1301 1001 1374 1024 eum
1408 995 1521 1033 putent
1551 990 1680 1023 tertium

156 1035 255 1069 fuisse
278 1035 362 1068 illius
387 1035 572 1078 provinciae
596 1036 799 1079 praefectum,
817 1035 953 1069 alterum
967 1035 1164 1073 Petronium,
1190 1036 1331 1079 primum
1345 1035 1531 1070 Cornelium
1544 1035 1679 1079 Gallum,

155 1084 283 1125 poetam
308 1080 395 1115 illum
420 1081 498 1115 satis
523 1082 653 1115 clarum,
701 1082 892 1115 Theodorus
918 1082 1097 1115 Mommsen
1124 1092 1206 1115 unus
1242 1086 1317 1124 post
1347 1081 1531 1116 Cornelium
1557 1081 1681 1116 Gallum

158 1137 223 1160 non
248 1127 447 1166 Petronium,
473 1127 528 1159 sed
552 1127 676 1159 Aelium
700 1127 822 1160 Gallum
850 1128 993 1170 Aegypto
1011 1126 1186 1170 praefuisse
1202 1127 1374 1168 existimat,
1401 1128 1459 1160 hac
1474 1127 1566 1159 nisus
1581 1126 1681 1159 ratio-

155 1171 323 1206 cinatione.

246 1216 431 1259 „Constat“,
457 1218 561 1261 inquit
584 1237 630 1242 —
655 1219 713 1252 cfr.
737 1218 805 1262 ejus
828 1219 892 1252 Res
922 1222 1029 1261 gestae
1055 1218 1123 1251 Divi
1150 1219 1283 1261 Augusti
1308 1224 1367 1252 etc.
1392 1229 1444 1262 pp.
1472 1220 1524 1261 73,
1550 1221 1602 1259 74,
1628 1221 1681 1252 75.

154 1283 200 1288 -
221 1264 301 1304 ‚,Cn.
329 1264 513 1297 Cornelium
538 1264 660 1298 Gallum
686 1264 824 1308 primum
852 1262 983 1308 Aegypti
1015 1264 1208 1307 praefectum
1242 1264 1362 1298 rexisse
1388 1274 1458 1298 eam
1482 1263 1523 1297 ab
1546 1273 1573 1297 a.
1597 1274 1626 1298 u.
1652 1274 1681 1298 c.

155 1313 233 1352 724,
259 1320 372 1344 manus
396 1310 458 1343 sibi
482 1310 628 1355 intulisse
653 1321 681 1345 a.
709 1313 793 1351 728;
817 1321 881 1354 quo
907 1316 1014 1343 autem
1039 1320 1124 1343 anno
1138 1310 1300 1354 provincia
1318 1310 1442 1350 abierit,
1466 1320 1532 1343 non
1545 1309 1682 1344 traditur

155 1367 258 1400 neque
283 1356 451 1400 quicquam
478 1357 592 1399 obstat,
619 1357 791 1399 quominus
814 1367 899 1389 anno
924 1361 1011 1400 certe
1036 1358 1110 1389 727.
1142 1366 1365 1390 successorem
1390 1356 1558 1399 acceperit.
1598 1356 1681 1389 Cor-

155 1402 239 1435 nelio
266 1402 374 1435 statim
397 1402 592 1436 successisse
617 1402 650 1436 C.
676 1399 881 1440 Petronidum
912 1412 1101 1446 quamquam
1127 1402 1270 1445 plerique
1294 1407 1446 1444 statuunt,
1471 1407 1577 1435 tamen
1601 1401 1681 1435 mihi

153 1448 246 1481 aliter
270 1447 406 1482 videtur.
454 1448 533 1482 Nam
558 1459 595 1482 ex
621 1448 743 1487 ordine,
768 1459 831 1492 quo
857 1452 924 1481 tres
948 1448 1106 1490 prefectos
1131 1447 1314 1482 Cornelium
1340 1447 1528 1482 Petronium
1555 1447 1680 1481 Aelium

155 1493 300 1527 nominat
323 1493 438 1527 Strabo
467 1497 519 1534 17,
548 1498 576 1535 1,
602 1497 653 1534 53,
678 1505 708 1538 p.
732 1495 808 1535 819,
834 1504 1031 1538 nequaquam
1055 1493 1085 1526 id
1110 1493 1279 1528 efficitur.“

246 1539 366 1574 Contra
391 1551 472 1583 quae
497 1550 592 1583 pauca
613 1540 679 1583 jam
705 1540 851 1573 videntur
874 1539 1032 1574 monenda
1057 1550 1139 1573 esse.
1178 1540 1321 1573 Primum
1349 1539 1436 1573 enim
1451 1549 1587 1582 prorsus
1613 1551 1680 1574 non

154 1585 254 1625 video,
280 1595 337 1619 cur
361 1585 544 1619 Cornelium
571 1586 692 1619 Gallum
717 1596 789 1619 cum
815 1586 1016 1619 Mommseno
1038 1585 1104 1630 jam
1128 1595 1154 1619 a.
1174 1588 1249 1620 727.
1267 1586 1307 1619 ab
1328 1585 1462 1629 Aegypti
1484 1586 1679 1629 praefectura

152 1637 314 1665 remotum
338 1642 410 1665 esse
434 1637 591 1676 putemus
640 1632 709 1674 „Nil
733 1631 849 1672 obstat,
874 1631 1047 1676 quominus
1067 1631 1114 1665 sic
1140 1631 1349 1666 statuamus.“
1380 1630 1490 1672 Quid?
1514 1642 1590 1666 uum
1615 1632 1680 1665 hoc

153 1678 241 1711 dices
266 1683 389 1711 certum
414 1689 488 1711 esse
513 1677 761 1720 argumentum?
794 1678 897 1711 immo
922 1677 1204 1720 persuasissimum
1229 1678 1308 1711 mihi
1342 1683 1406 1716 est,
1436 1679 1596 1711 neminem
1624 1678 1678 1720 qui

115 1763 117 1765 ¹
153 1734 254 1767 aequo
279 1723 386 1757 animo
411 1723 525 1761 Dionis
549 1723 589 1757 de
613 1723 693 1757 Galli
718 1723 803 1757 illius
837 1723 921 1756 exitu
953 1722 1141 1757 relationem
1170 1723 1340 1766 perlegerit
1361 1731 1408 1747 '—
1432 1723 1488 1757 cfr.
1514 1723 1573 1757 Dio
1601 1723 1678 1763 Lttt,

154 1772 197 1803 23
223 1788 267 1793 -—
291 1769 383 1803 aliter
402 1769 617 1813 judicaturum
649 1779 722 1802 esse
758 1769 821 1802 nisi
858 1780 930 1802 eum
969 1770 1036 1801 sere
1071 1779 1170 1812 usque
1201 1769 1240 1802 ad
1278 1773 1414 1802 mortem
1447 1769 1678 1811 praefecturam

154 1815 307 1849 tenuisse.
352 1815 440 1848 Idem
466 1815 498 1847 in
523 1815 713 1848 Suetonium
738 1833 783 1838 —
808 1816 886 1858 Aug.
913 1817 955 1848 66
984 1833 1026 1838 -
1050 1814 1139 1847 valet.

246 1861 367 1894 Deinde
390 1861 610 1894 Mommseuus
636 1861 663 1894 si
687 1860 878 1894 Strabonem
899 1861 1078 1904 praefectos
1103 1860 1177 1894 illos
1202 1871 1267 1894 non
1292 1871 1329 1894 ex
1353 1860 1476 1901 ordine,
1507 1860 1565 1894 sed
1589 1865 1678 1895 extra

153 2073 182 2108 4)
231 2035 259 2071 1)
278 2034 330 2101 qfr.
352 2033 502 2109 praef5)p.
527 2033 604 2101 IX'IIL'
631 2051 665 2055 —
700 2035 728 2071 2)
760 2034 859 2064 strab.
883 2034 904 2064 1.
925 2034 962 2064 X.
984 2044 1012 2072 p.
1033 2036 1097 2065 485.
1131 2051 1165 2055 —
1198 2034 1227 2071 3)
1262 2032 1366 2064 Grosk.
1386 2032 1481 2071 praef.
1500 2043 1530 2072 p.
1551 2033 1620 2063 XII.
1641 2050 1677 2055 —

248 2097 253 2102 .
275 2077 353 2102 '6.s.
375 2089 411 2093 —
501 2094 508 2101 .
569 2096 572 2100 .
595 2081 635 2101 in.

205 2081 257 2147 ΡΞ)
277 2109 425 2139 Videntur
448 2081 550 2138 tai'nen
575 2118 649 2144 esse,
684 2118 759 2148 quae
784 2109 962 2139 Groskurdii
996 2109 1189 2147 comprobent
1218 2108 1394 2147 opinionem.
1435 2107 1563 2138 Constat
1597 2108 1677 2139 enim

153 2148 334 2178 Strabonem
350 2147 407 2176 Pol
427 2146 470 2177 bii
488 2147 645 2176 historiam
664 2147 866 2181 continuasse,
887 2147 1036 2177 incertum
1056 2149 1158 2177 tamen
1178 2148 1233 2181 est,
1259 2146 1297 2175 ad
1317 2145 1465 2184 quodnam
1485 2155 1580 2185 usque
1602 2148 1678 2176 tem·

152 2195 208 2252 pus
223 2186 322 2215 totum
342 2194 395 2222 per
417 2185 515 2215 uxerit
535 2193 619 2222 opus.
639 2184 732 2228 Cujus
752 2185 821 2214 finis
841 2185 868 2214 si
885 2185 1000 2214 bellum
1018 2185 1098 2214 inter
1110 2184 1308 2214 Octavianum
1328 2185 1359 2212 et
1369 2183 1534 2213 Antonium
1554 2185 1677 2227 gestum

166 2223 254 2258 uerit,
276 2222 405 2251 multum
426 2222 531 2260 opinor
551 2222 753 2259 compluribus
774 2222 811 2251 de
838 2223 935 2251 causis
957 2221 1114 2252 Strabonis
1134 2222 1279 2251 interesse
1301 2220 1422 2256 debuit,
1451 2222 1487 2249 ut
1512 2220 1600 2250 finito
1624 2221 1679 2251 illo

152 2260 232 2290 bello
252 2259 317 2300 ipse
337 2259 447 2289 Romae
471 2260 654 2297 versaretur,
681 2259 744 2297 ipse
771 2260 962 2297 cognosceret
987 2268 1054 2289 cum
1079 2268 1186 2289 novam
1212 2258 1392 2297 reipublicae
1419 2257 1678 2289 administrandae

153 2297 300 2327 rationem
320 2299 388 2327 tum
407 2297 516 2326 civium
536 2297 661 2331 animos,
688 2297 750 2326 suis
774 2296 784 2325 i
807 2298 870 2326 sius
889 2297 982 2326 oculis
1008 2298 1159 2334 spectaret
1183 2296 1368 2334 triumphum
1392 2295 1559 2329 Actiacum,
1588 2305 1677 2334 quem

152 2335 218 2368 sine
235 2334 325 2364 dubio
344 2334 403 2363 toti
422 2343 476 2362 suo
496 2343 512 2363 ο
536 2334 579 2362 eri
597 2334 685 2371 quasi
704 2307 857 2362 cumulium
876 2334 1036 2363 additurus
1061 2335 1134 2363 erat.
1174 2333 1252 2370 Ergo
1278 2341 1369 2361 causa
1396 2341 1456 2361 non
1479 2332 1577 2361 defuit
1603 2333 1678 2362 satis

151 2371 264 2409 gravis,
288 2380 348 2409 qua
366 2372 402 2400 ut
420 2371 486 2409 ipso
505 2342 559 2399 iilo
578 2371 714 2408 tempore
733 2370 857 2400 Romam
877 2372 994 2408 peteret
1013 2370 1223 2400 adduceretur.
1244 2369 1357 2399 Deinde
1375 2369 1495 2399 constat
1505 2370 1678 2413 Augustum

151 2411 224 2439 tunc
245 2408 412 2439 ostendisse
431 2408 648 2438 rhinocerotem
669 2408 734 2444 (cfr.
756 2408 821 2438 Dio.
841 2407 893 2444 LI,
915 2410 958 2438 22.
988 2408 1131 2438 Ceterum
1150 2407 1230 2437 hand
1247 2407 1307 2437 scio
1326 2416 1365 2436 an
1384 2408 1530 2437 erraverit
1541 2416 1676 2444 narrans,

151 2446 235 2476 illam
254 2446 380 2484 primam
402 2445 494 2474 fuisse
515 2445 580 2483 ejus
599 2445 718 2483 generis
737 2445 876 2480 bestiam,
899 2454 974 2483 quae
984 2445 1109 2474 Romam
1121 2445 1237 2482 perlata
1257 2444 1310 2479 sit;
1330 2444 1427 2474 Plinio
1447 2444 1526 2474 enim
1545 2445 1626 2474 teste
1640 2461 1677 2467 —

152 2483 222 2512 hist.
242 2486 306 2512 nat.
326 2482 409 2516 vm,
432 2485 462 2510 71
491 2499 523 2503 -
548 2482 607 2512 ’am
626 2482 787 2520 Pompejus
807 2483 1025 2512 rhinocerotem
1046 2482 1203 2518 ostendit);
1225 2481 1289 2519 jam
1309 2481 1418 2511 Strabo
1438 2489 1507 2510 cum
1526 2481 1678 2520 seipsum

150 2520 243 2550 talem
268 2519 397 2550 bestiam
416 2519 529 2549 vidisse
569 2520 594 2549 is
614 2521 827 2550 commemoret
850 2537 885 2541 —
904 2520 924 2550 1.
944 2519 1024 2549 XVI.
1043 2529 1072 2558 p.
1093 2521 1186 2549 774.s.
1213 2535 1256 2552 -,
1276 2518 1385 2548 omisso
1404 2520 1505 2549 tamen
1525 2518 1617 2558 hujus
1635 2519 1678 2550 rei

151 2559 183 2587 et
199 2558 266 2588 loco
286 2559 318 2588 et
337 2559 486 2595 tempore,
508 2556 636 2587 fortasse
658 2557 695 2587 de
714 2557 781 2595 ipso
793 2557 845 2587 illo
858 2557 1046 2587 rhinocerote
1064 2556 1195 2594 cogitare
1211 2555 1291 2590 lieet,
1335 2556 1367 2585 ui
1385 2555 1444 2585 fuit
1462 2556 1541 2586 inter
1559 2559 1678 2595 specta·

151 2596 220 2626 cula
240 2595 278 2625 ab
297 2595 434 2633 Augusto
458 2596 530 2624 tuuc
575 2595 665 2633 opulo
685 2595 818 2625 Romano
843 2595 953 2625 oblata.
993 2594 1133 2624 Ceterum
1179 2593 1237 2622 uod
1261 2593 1330 2623 Stra
1352 2603 1368 2623 ο
1393 2602 1425 2623 se
1444 2602 1461 2623 e
1486 2594 1577 2630 mari,
1605 2603 1677 2633 ergo

150 2632 550 2701 ΕέἷέιΡΥἷῗὲἬέξῖἑὲἲῃὲἒ
569 2603 1191 2709 ἳιῗιέιζΐῗίιῗοοἳέὃῐῗέζῖἒῗῗὶῐὲῖιὲ·
1205 2631 1302 2699 {ff}
1317 2631 1677 2708 afflatam?

152 2709 336 2739 momentum
359 2708 398 2737 ad
419 2717 484 2738 com
505 2707 671 2738 robandum
692 2708 777 2738 illam
797 2680 974 2738 Groskurdii
994 2717 1010 2738 ο
1032 2707 1169 2737 inionem.
1669 2693 1678 2708 ⁹

227 2747 256 2784 7)
276 2745 330 2777 cfr.
350 2745 448 2786 Strab.
467 2717 508 2776 If.
528 2744 557 2784 p.
581 2747 648 2777 118:
683 2746 737 2776 ὅτε
761 2748 841 2785 γοῦν
868 2746 985 2779 Γάλλος
1021 2748 1118 2784 πῆρχε
1149 2748 1203 2780 τῆς
1223 2744 1399 2784 Λίγὺμιου,
1422 2743 1573 2780 συνόντες
1591 2744 1677 2786 αὐτῷ

149 2784 202 2815 καὶ
222 2782 454 2824 συναναβάντες
473 2784 567 2824 μέχρι
585 2783 708 2823 Συήνης
726 2785 778 2814 καὶ
798 2786 863 2816 τῶν
883 2786 1089 2816 Αἰθιοπικῶν
1107 2781 1190 2825 ὅρων
1209 2784 1267 2815 etc.
