1856 2931
904 68 945 104 12

198 173 202 176 ·
242 157 386 198 Quorum
417 157 481 191 duo
514 163 587 192 sunt
619 169 758 202 genera:
784 159 924 204 *aiterum
947 170 1075 200 eorum,
1100 158 1152 193 ubi
1179 169 1213 193 se
1237 158 1337 193 fuisse
1360 158 1453 202 plano
1477 158 1572 201 dictu
1593 158 1682 194 alte-¹>

150 214 221 237 rum
254 214 357 246 genus
389 204 441 237 illa
478 205 720 248 complectitur,
755 217 835 250 quae
858 206 1051 241 Strabonem
1078 206 1195 240 vidisse
1230 204 1434 249 exipsorum
1458 205 1681 249 descriptione

149 254 292 293 apparet.
342 251 429 290 Quae
453 249 537 284 sicut
557 250 648 284 facile
672 251 868 296 intellegitur
892 263 958 286 non
984 253 1093 286 omnia
1118 250 1251 286 omnino
1276 250 1462 294 investigari
1489 261 1604 294 possm
1636 252 1684 285 sic

149 296 248 329 multa
274 306 340 329 non
366 295 497 329 dubium
522 301 573 329 est
597 297 672 340 quin
704 298 837 340 reperiri
861 299 999 341 possint.
1049 298 1180 332 Relictis
1212 301 1318 330 autem
1344 296 1495 330 omnibus
1519 297 1567 330 eis
1590 297 1683 337 locis,

150 340 190 374 de
224 341 340 385 quibus
364 341 479 374 Strabo
511 352 587 375 num
620 343 765 376 oculatus
798 344 890 377 testis
924 344 1042 377 referat
1073 343 1250 383 dubitetur,
1284 354 1319 376 ea
1356 347 1477 375 tantum
1500 342 1681 384 afferantur,

150 397 230 431 quae
261 387 479 432 geographum
508 388 613 431 ipsum
648 388 766 423 vidisse
796 389 991 424 certioribus
1016 401 1052 423 ex
1078 389 1207 423 indiciis
1231 395 1373 433 apparet.
1421 388 1465 421 De
1490 387 1550 428 his,
1576 388 1683 433 prius-

150 444 245 477 quam
270 434 308 468 ad
330 433 508 477 indaganda
533 434 584 468 illa
605 435 676 468 loca
700 435 913 479 aggredimur,
938 447 1036 480 pauca
1060 436 1194 470 dicenda
1218 440 1301 469 sunt.

242 479 429 524 Quicunque
450 479 619 514 Strabonis
649 492 731 525 opus
757 482 803 515 vel
828 482 926 517 semel
952 482 1108 526 pei-leget,
1140 492 1205 515 non
1228 481 1481 515 animadvertere
1505 490 1571 514 non
1590 484 1683 524 pote-

149 526 199 565 rit,
222 537 295 560 eum
320 526 353 559 in
378 526 599 560 describendis
624 528 731 561 multis
753 527 847 571 locisf.
872 540 952 572 quae
976 529 1080 572 ipsum
1106 528 1224 562 vidisse
1248 532 1370 561 certum
1394 532 1452 567 est,
1481 537 1683 560 commemo-

149 581 241 615 rare,
278 582 373 616 quem
394 573 566 616 praebeant
589 578 643 606 aut
675 574 861 617 adspectum
896 579 950 607 aut
974 579 1181 617 prospectum
1196 573 1230 614 ¹).
1282 573 1344 606 Sed
1371 573 1470 606 multo
1494 571 1598 607 rarius
1624 572 1684 606 hac

149 616 182 650 in
218 628 254 651 re
287 617 423 651 aliorum
451 618 595 661 sequitur
627 619 848 652 auctoritatem
865 618 901 661 ²).
950 619 1073 661 Quodsi
1098 619 1157 652 alia
1191 620 1285 653 etiam
1311 619 1396 657 loca,
1431 618 1482 651 ubi
1515 628 1590 651 num
1614 617 1683 661 ipse

151 663 247 696 fuerit
272 673 337 697 non
363 664 456 706 plane
481 664 572 702 dicit,
605 665 791 697 describens
816 665 876 698 tale
901 666 976 709 quid
1001 669 1125 707 narrat,
1153 664 1204 697 his
1229 664 1268 697 de
1296 664 1385 704 locis,
1408 664 1436 696 si
1460 664 1594 696 omnino
1620 663 1681 696 sita

151 712 226 741 sunt
249 708 282 741 in
308 708 404 741 terris
429 719 506 752 quas
531 708 722 742 Strabonem
748 709 857 743 obisse
881 715 1016 749 constat,
1041 720 1114 743 eum
1141 709 1299 742 oculatum
1327 714 1440 742 testem
1465 708 1555 752 loqui
1575 708 1682 751 potius

150 754 375 788 affirmandum
396 765 489 799 quam
514 755 693 797 negandum
721 767 792 789 esse
817 762 904 799 puto,
929 756 1118 799 praesertim
1144 755 1171 788 si
1195 755 1254 788 alia
1271 754 1467 788 accesserint
1484 758 1680 797 argumenta,

128 800 266 844 ,quibus
290 800 341 833 ina
366 800 476 844 opinin
500 801 721 834 confirmetur.
763 801 951 846 Cujusmodi
980 813 1051 835 esse
1070 812 1195 844 censeo,
1225 801 1310 845 quod
1337 800 1388 833 hic
1406 800 1470 834 illic
1486 810 1678 844 comparan-

151 851 203 879 tur
234 846 320 880 inter
343 857 377 880 se
409 846 526 886 urbes,
563 847 673 891 quales
710 848 775 881 sint
810 853 921 882 natura
952 859 989 881 ac
1014 848 1078 881 situ
1099 848 1146 881 vel
1172 858 1250 891 quae
1276 846 1476 880 inveniantur
1500 846 1531 879 in
1558 846 1604 879 eis
1630 857 1682 879 res

152 892 308 925 memoria
334 892 447 936 dignae
461 893 497 933 ³).
539 893 660 926 Deinde
684 902 756 926 cum
784 894 815 927 in
840 894 1061 927 describendis
1087 893 1192 935 terris,
1217 893 1422 936 regionibus,
1439 891 1585 930 urbibus
1610 892 1681 925 ta'n-

226 1020 252 1049 15
273 1019 366 1049 veluti
386 1019 407 1048 1.
427 1020 463 1050 V.
485 1029 515 1057 p.
532 1021 609 1049 222.:
632 1022 842 1058 περικλείεται
862 1020 897 1050 δὲ
917 1021 934 1050 ὁ
949 1016 1042 1057 λιιιὴν
1059 1037 1095 1041 -
1115 1019 1177 1049 scil.
1198 1017 1335 1055 Σελήνης
1357 1035 1393 1040 -
1412 1016 1524 1057 ὄρεσιν
1537 1018 1684 1057 ὑψηλοῖς,

150 1056 210 1096 ἐφ’
235 1052 281 1087 οἷν
301 1053 339 1086 τιὶ
359 1056 478 1095 πελάγη
498 1056 749 1087 κατοπτεύονται
769 1059 821 1086 καὶ
845 1057 861 1093 ἡ
881 1054 996 1096 Σαρδώ
1018 1059 1069 1087 καὶ
1089 1060 1143 1093 τῆς
1155 1055 1248 1096 ᾐόνος
1269 1056 1463 1096 ἑκατέρωθεν
1485 1051 1564 1085 πολὺ
1576 1056 1680 1095 μέρος.

149 1104 179 1133 p.
204 1096 285 1125 323.:
310 1093 539 1124 κατοπτεύεται
567 1094 598 1123 δ’
629 1090 694 1124 ἀπὸ
725 1097 779 1131 τῆς
809 1094 931 1126 πόλεως
950 1095 1165 1131 (Ποπλωνίου)
1186 1092 1357 1132 πόρρωθεν
1379 1094 1439 1133 μὲν
1464 1094 1515 1122 καὶ
1543 1092 1636 1132 μόλις
1664 1093 1682 1129 ἡ

149 1131 278 1169 Σαρδώ,
299 1132 456 1170 ἐγγυτέρω
477 1131 511 1159 δ’
532 1131 550 1168 ἡ
572 1131 695 1169 Κύρνος
715 1154 818 1161 .....
840 1128 920 1161 πολὺ
931 1132 966 1162 δὲ
978 1133 1097 1170 μᾶλλον
1108 1131 1229 1160 τούτων
1241 1130 1259 1167 ἡ
1273 1132 1417 1159 Amana
1436 1152 1535 1161 .....
1555 1139 1585 1168 p.
1600 1131 1680 1165 224‚:

149 1170 202 1198 καὶ
223 1166 284 1207 γὰρ
306 1171 336 1199 εἴ
358 1177 450 1204 τισιν,
472 1169 547 1207 ἡμῖν
568 1179 604 1206 γε
625 1171 681 1199 οῦκ
700 1167 741 1199 ἄν
759 1168 904 1206 ὑπῆρξαν
923 1169 1035 1206 ὁραταὶ
1055 1168 1108 1197 ἐπὶ
1131 1170 1297 1204 τοσοῦτον,
1319 1167 1373 1206 ἐφ’
1396 1166 1607 1205 ὅσονησαφεΐς
1626 1167 1683 1197 ἑω-

149 1208 260 1242 ρῶντο,
286 1208 337 1234 καὶ
363 1205 505 1245 μάλιστα
530 1205 547 1243 ἡ
569 1205 704 1243 Κύρνος.
744 1216 774 1245 p.
797 1208 878 1237 225.:
904 1202 970 1236 ἀπὸ
1001 1205 1105 1242 πάσης
1136 1206 1170 1236 δὲ
1200 1207 1254 1240 τῆς
1277 1202 1395 1243 μεταξὺ
1416 1205 1608 1234 Ποπλωνίου
1628 1205 1680 1232 καὶ

149 1245 255 1279 Πίσης
274 1244 392 1275 ἱκανῶς
412 1244 446 1271 αἱ
467 1246 556 1279 νῆσοι
576 1242 834 1273 κατοπτεύονται.
866 1253 895 1281 p.
917 1245 995 1273 233.:
1018 1243 1135 1280 ἀνέωγε
1161 1242 1190 1271 τ’
1213 1242 1355 1271 ἐνταῦθα
1375 1265 1382 1272 .
1399 1266 1405 1272 .
1420 1265 1428 1272 .
1444 1266 1450 1272 .
1471 1241 1551 1272 inter
1571 1241 1683 1271 Tarra-

148 1280 246 1310 cinam
282 1281 314 1310 et
332 1280 468 1309 Formias
499 1296 536 1301 —-
573 1279 714 1316 σπήλαια
744 1280 963 1319 ὑπερμεγέθη,
999 1282 1158 1312 κατοικίας
1185 1277 1326 1318 μεγάλας
1349 1280 1401 1308 καὶ
1431 1281 1610 1310 πολυτελεῖς
1629 1278 1682 1307 δε-

149 1318 289 1355 δεγμένα
321 1341 327 1347 .
344 1339 352 1347 .
369 1340 375 1346 .
392 1340 399 1347 .
430 1320 494 1346 τῶν
524 1317 559 1346 δὲ
584 1319 747 1353 σπηλαίων
775 1318 809 1346 ἐν
837 1316 913 1355 ὄψει.
938 1317 1078 1355 μάλιστα
1111 1317 1295 1355 πρόκεινται
1321 1315 1380 1345 δύο
1402 1318 1491 1353 νῆσοι
1523 1314 1680 1353 πελάγιαι,

148 1354 357 1393 Πανδατερία
378 1364 410 1384 τε
430 1356 482 1382 καὶ
501 1356 626 1384 Ποντία
647 1354 702 1384 etc.
726 1364 755 1392 p.
776 1356 855 1385 236.:
880 1355 1024 1392 (Campus
1043 1353 1173 1384 Martius
1199 1352 1390 1389 describitur)
1416 1349 1455 1383 τὰ
1477 1356 1680 1391 περικείμενα

148 1392 224 1430 ἔργα
252 1393 304 1420 καὶ
330 1387 365 1421 τὸ
394 1391 513 1429 ἔδαφος
532 1391 651 1426 ποάζον
673 1391 719 1420 δι’
742 1392 830 1425 ἔτους
849 1394 900 1421 καὶ
922 1395 985 1422 τῶν
1006 1390 1114 1429 λόφων
1134 1389 1290 1429 στεφάναι
1316 1393 1380 1420 τῶν
1399 1390 1479 1429 ὑπὲρ
1501 1392 1555 1420 τοῦ
1576 1400 1680 1419 ποτα-

147 1431 211 1466 μοῦ
229 1430 323 1468 μέχρι
344 1431 399 1458 τοῦ
420 1428 552 1465 ῥείθρου
572 1426 826 1466 σκηνογραφικὴν
847 1428 927 1466 ὄψιν
950 1428 1208 1465 ἐπιδεικνύμεναι
1228 1427 1487 1460 δυςαπιὶλλακτον
1509 1429 1682 1465 παρέχουσι

148 1461 205 1501 τὴν
232 1468 321 1495 θέαν.
362 1474 391 1503 p.
412 1467 492 1495 238.:
525 1465 560 1494 έν
585 1464 660 1502 ὄψει
686 1466 720 1494 δ’
745 1467 806 1495 εἰσὶ
828 1469 893 1499 τοῖς
912 1466 946 1495 ἐν
969 1465 1070 1505 Ῥώμῃ
1097 1463 1233 1504 Τίβουροί
1261 1474 1295 1493 τε
1325 1465 1378 1493 καὶ
1403 1460 1601 1503 Πραινεστὸς
1630 1464 1682 1492 καὶ

150 1504 322 1533 Τοῦσκλον.
362 1512 391 1541 p.
412 1505 491 1533 247.:
513 1503 530 1532 ὁ
550 1502 668 1537 κόλπος
687 1503 704 1532 ὁ
726 1498 843 1542 κρατὴρ
865 1503 1174 1543 προςαγορευόμενος
1194 1524 1202 1532 .
1218 1527 1224 1534 .
1241 1524 1249 1531 .
1265 1524 1273 1531 .
1294 1499 1379 1535 ιῗπας
1400 1526 1406 1532 .
1421 1524 1429 1531 .
1446 1525 1455 1533 .
1469 1524 1477 1532 .
1504 1501 1573 1531 ἐστὶ
1591 1511 1682 1531 κατε-

149 1543 361 1580 σκευασμένος
388 1543 477 1570 τοῦτο
502 1541 562 1578 μὲν
588 1543 658 1573 ταῖς
682 1540 814 1570 πόλεσιν
839 1540 876 1574 ἃς
900 1542 1032 1580 ἔφαμεν,
1059 1543 1151 1570 τοῦτο
1178 1540 1213 1570 δὲ
1241 1542 1309 1572 ταῖς
1334 1539 1442 1569 οἰκοδο
1468 1542 1530 1572 ίαις
1550 1540 1602 1568 καὶ
1623 1548 1682 1577 φυ-

149 1580 256 1615 τείαις,
275 1578 310 1606 αἳ
329 1574 448 1617 μεταξὺ
471 1581 610 1615 συνεχεῖς
628 1574 720 1607 οὖσαι
744 1580 820 1615 μιᾶς
840 1578 964 1612 πόλεως
988 1577 1067 1614 ὄψιν
1087 1579 1288 1615 παρέχονται.
1327 1576 1349 1606 1.
1368 1550 1501 1614 mffp.
1523 1578 1588 1605 377.
1610 1585 1633 1606 s.
1654 1575 1680 1606 f.

148 1616 200 1644 καὶ
221 1615 310 1654 ἡμεῖς
331 1610 395 1645 α’πό
418 1616 471 1645 τοῦ
483 1614 722 1655 Ἀκροκορίνθου
742 1614 1014 1655 κατωπτεύσαμεν
1028 1610 1064 1644 τὸ
1077 1617 1196 1654 κτίσμα
1209 1610 1277 1652 (τὰς
1294 1613 1463 1650 Κλεωνάς).
1483 1623 1512 1652 p.
1526 1615 1590 1645 379.
1605 1622 1629 1643 s.
1644 1612 1681 1643 f.:

149 1651 216 1682 ἀπὸ
238 1676 245 1683 .
261 1676 268 1683 .
289 1655 343 1687 τῆς
362 1655 500 1691 κορυφῆς
522 1670 555 1675 -
576 1652 640 1682 scil.
661 1652 870 1682 Acrocorinthi
884 1670 921 1674 —
938 1648 1016 1688 πρὸς
1031 1651 1145 1690 ἄρκτον
1163 1675 1172 1681 .
1193 1676 1199 1682 .
1216 1676 1222 1682 .
1238 1674 1245 1682 .
1269 1651 1428 1689 ἆφορᾶται
1440 1651 1460 1681 ὅ
1476 1661 1509 1681 τε
1527 1654 1683 1691 Παρνασ-

149 1686 210 1721 σὸς
240 1691 291 1718 καὶ
310 1689 326 1718 ὁ
344 1690 483 1718 Ἐλικιύν
502 1690 558 1718 etc.
597 1689 618 1718 1.
637 1690 722 1719 XIIL
745 1699 774 1727 p.
796 1692 877 1720 6294
906 1686 940 1718 τὸ
960 1691 1165 1718 Πλουτώνιον
1184 1709 1283 1718 .....
1304 1690 1419 1724 πλῆρές
1440 1688 1528 1718 ἔστιν
1546 1686 1682 1727 ὁμιχλώ-

148 1726 224 1762 δους
252 1728 385 1765 παχείας
409 1724 522 1765 ἀχλύος
548 1725 629 1756 ὥστε
654 1727 751 1765 μόγις
776 1726 935 1765 τοῦδαφος
958 1728 1110 1763 καθορᾶν.
1148 1725 1169 1756 l.
1190 1725 1271 1755 XIV.
1304 1734 1331 1763 p.
1355 1727 1435 1755 660.=
1451 1724 1627 1763 Ἀλάβανδα
1647 1725 1682 1755 δὲ

149 1766 202 1794 καὶ
221 1760 297 1802 αὐτὴ
317 1765 377 1803 μὲν
398 1763 563 1795 ὑπόκειται
582 1763 693 1800 λόφοις
711 1764 783 1794 δυσὶ
807 1766 1021 1804 συγκειμένας
1041 1763 1142 1799 οὕτως
1162 1762 1241 1794 ὥστ’
1257 1762 1337 1794 ὄψιν
1352 1764 1549 1802 παρέχεσθαι
1563 1766 1681 1798 κανθη-

151 1803 219 1831 λίου
238 1804 505 1838 κατεστρωμένον.
545 1805 564 1831 1.
584 1802 679 1832 XVII.
701 1811 732 1839 p.
755 1805 834 1833 795.:
856 1803 923 1831 ἔστι
943 1803 979 1831 δὲ
993 1803 1044 1830 καὶ
1065 1801 1207 1831 Πάνειον
1225 1801 1300 1838 (scil.
1320 1800 1517 1830 Alexandriae
1537 1800 1680 1838 Aegypti)

150 1862 157 1869 .
173 1862 179 1868 .
194 1860 203 1867 .
216 1861 222 1867 .
246 1834 311 1867 ἀπὸ
331 1839 367 1868 δὲ
389 1841 442 1874 τῆς
465 1841 603 1876 κορυφῆς
621 1838 708 1868 ἔστιν
727 1838 856 1867 ἀπιδεῖν
876 1838 951 1875 ὅλην
972 1835 1028 1874 τὴν
1052 1837 1148 1867 πόλιν
1168 1838 1377 1876 ὑποκειμένην
1402 1837 1487 1874 αὐτῷ
1513 1836 1679 1875 πανταχό-

149 1879 221 1942 θενὶ
258 1884 286 1943 [ἔ
311 1876 445 1942 799..tco¹5
469 1871 525 1905 οὖν
550 1877 713 1915 κυαμιῦνες
732 1875 842 1912 ἡδεῖαν
862 1873 940 1914 ὄψιν
961 1876 1133 1914 παρέχουσι
1157 1876 1209 1903 καὶ
1229 1877 1343 1913 τέρψιν
1368 1876 1435 1908 τοῖς
1454 1874 1679 1912 ἐνευωχεῖσθαι

168 1924 204 1943 ου
223 1925 239 1943 o
282 1922 329 1942 νοι
368 1922 384 1943 e
418 1937 424 1943 .

147 1916 167 1950 β
223 1924 264 1986 25⁴
276 1924 360 1979 Hage
380 1951 499 1979 exstant
518 1950 654 1986 exempla
673 1950 731 1979 huc
750 1950 945 1986 pertinentia:
966 1950 1017 1979 lib.
1032 1950 1057 1979 Ι.
1078 1959 1106 1987 p.
1123 1952 1184 1979 63.:
1207 1948 1245 1978 ni
1261 1959 1297 1986 γε
1317 1949 1381 1986 ἑῷα
1401 1948 1494 1987 (ἄκρα
1514 1951 1569 1984 τῆς
1581 1952 1679 1988 Βρετ-

148 1990 276 2021 τανικῆς
297 1988 349 2015 καὶ
369 1989 423 2021 τῆς
443 1986 720 2024 Κελτικ,ῆς),ὲγγὺς
739 1986 880 2021 ἀλλήλων
898 1986 967 2015 ἐστὶ
986 1987 1095 2025 μέχρις
1117 1985 1275 2023 ἐπόψεως,
1297 1985 1333 2014 τό
1354 1995 1388 2014 τε
1408 1986 1550 2015 Κάντιον
1569 1987 1622 2013 καὶ
1648 1986 1681 2013 αἱ

150 2026 204 2054 τοῦ
223 2023 330 2061 Ῥήνου
352 2022 491 2060 ἐκβολαῖς
519 2022 599 2053 idem
619 2024 870 2053 commemoratur
895 2023 914 2054 1.
934 2023 988 2053 IV.
1008 2032 1038 2061 p,
1061 2024 1137 2052 193.:
1167 2022 1332 2062 πρόκειται
1358 2022 1391 2051 δ’
1415 2023 1522 2052 αὐτῶν
1541 2022 1558 2059 ἡ
1579 2025 1679 2058 Βρετ-

148 2062 267 2097 τανική,
289 2064 344 2092 τοῦ
363 2061 423 2100 μὲν
442 2059 556 2099 “Ρήνου
575 2063 628 2090 καὶ
648 2060 784 2100 ἐγγύθεν
802 2060 884 2091 ὥστε
909 2063 1113 2099 καθορᾶσθαι
1139 2061 1174 2091 τὸ
1194 2060 1335 2091 Κάντιον
1357 2084 1364 2091 .
1381 2085 1387 2091 .
1403 2082 1411 2091 .
1427 2084 1434 2091 .
1473 2059 1529 2090 ΙΠ.
1551 2069 1580 2099 p.
1603 2062 1680 2090 159.:

149 2100 184 2128 τὸ
205 2100 482 2139 “Ημεροσκοπεῖον
503 2121 509 2128 .
526 2121 533 2127 .
549 2120 555 2127 .
572 2122 577 2128 .
599 2099 667 2128 ἔστι
690 2122 696 2128 .
712 2123 719 2129 .
734 2121 741 2128 .
762 2098 921 2128 κάτοπτον
941 2121 948 2127 .
964 2122 969 2127 .
986 2121 991 2127 .
1012 2099 1045 2127 ἐκ
1066 2100 1179 2127 πολλοῦ
1204 2101 1269 2129 τοῖς
1287 2099 1531 2134 προσπλέουσιν.
1553 2107 1582 2135 p.
1600 2100 1678 2127 142.:

146 2136 196 2173 (de
216 2137 304 2167 Baeti
323 2136 438 2174 agitur)
460 2135 617 2173 πρόσεστι
636 2136 670 2165 δὲ
690 2137 742 2164 καὶ
763 2137 797 2165 τὸ
820 2138 874 2171 τῆς
894 2134 999 2172 ὅψεως
1020 2134 1166 2171 τερπνόν,
1187 2133 1296 2164 ἄλσεσι
1325 2136 1376 2163 καὶ
1398 2137 1468 2167 ταῖς
1489 2132 1599 2168 ἄλλαις
1619 2145 1679 2172 φυ-

147 2176 308 2213 τουργίαις
326 2174 594 2212 ἔκπεπονημένων
614 2175 678 2203 τῶν
692 2175 829 2212 χωρίων.
868 2172 908 2202 11.
927 2181 957 2210 p.
981 2174 1059 2202 122:
1080 2171 1137 2201 εἶτ’
1158 2170 1237 2210 ὄψις
1255 2171 1394 2210 μεγάλου
1414 2174 1562 2210 φαίνεται
1582 2171 1680 2201 πελά·

167 2223 230 2245 ους.
269 2211 338 2241 VH.
366 2220 395 2248 p.
417 2213 481 2241 329.
502 2210 610 2248 fragm.
632 2211 698 2240 VL:
726 2212 807 2249 φασὶ
834 2210 865 2239 δ’
895 2210 959 2239 ἀπὸ
991 2211 1055 2239 τῶν
1080 2208 1289 2246 ὑψηλοτάτων
1316 2212 1458 2239 σκοπιιῦν
1484 2210 1552 2246 (τοῦ
1582 2211 1680 2238 Βοίυυ

146 2249 250 2288 ορους)
270 2249 457 2287 ἀφορᾶσθαι
477 2247 513 2276 τό
538 2258 568 2275 τε
587 2250 727 2284 Αἰγαῖον
742 2249 876 2284 πέλαγος
896 2248 948 2274 καὶ
969 2246 1216 2283 τὸᾍμβρακικὸν
1227 2247 1279 2274 καὶ
1294 2247 1328 2275 τὸ
1343 2245 1463 2282 Ἰόνιον,
1485 2247 1566 2284 πρὸς
1579 2246 1679 2282 ὑπερ-

145 2285 238 2323 βολὴν
255 2285 343 2324 οἶμαι
364 2285 516 2322 λέγοντες.
555 2284 625 2314 XIL
646 2293 675 2322 p.
696 2286 779 2314 538.=
806 2283 869 2313 ὑπὸ
891 2285 934 2321 τῷ
945 2283 1076 2321 Ἀργαίῳ
1089 2281 1162 2329 ῥ’ρει
1182 2306 1189 2313 .
1205 2304 1213 2312 .
1231 2305 1238 2313 .
1254 2306 1261 2313 .
1284 2284 1487 2312 ἀνέκλειπτον
1505 2280 1595 2321 χιόνι
1623 2283 1679 2319 τὴν

147 2322 322 2362 ἀκρώρειαν
342 2322 460 2361 ἔχοντι,
492 2320 553 2360 ἀφ’
576 2315 612 2360 ἦς
632 2322 732 2361 φάσιν
758 2323 788 2351 οἱ
807 2320 1030 2356 ἀναβαίνοντες
1053 2322 1151 2358 (ουτοι
1179 2320 1216 2350 δ’
1238 2322 1319 2351 εἰσὶν
1346 2319 1458 2358 ὀλίγοι)
1485 2319 1679 2350 κατοπτεύε-

148 2364 226 2390 σθαι
248 2363 319 2393 ταῖς
337 2363 480 2397 αἰθρίαις
503 2361 600 2400 ἄμφω
623 2361 660 2389 τὰ
684 2360 813 2395 πελάγη,
837 2359 872 2389 τό
894 2369 928 2388 τε
948 2359 1108 2388 Ποντικὸν
1127 2360 1178 2397 καὶ
1199 2358 1234 2388 τὸ
1249 2357 1405 2388 Ἵσσικον.
1443 2358 1525 2388 XVI.
1544 2367 1574 2405 p.
1597 2360 1678 2388 759.:

147 2398 216 2427 εἶτα
235 2396 324 2433 Ἰόπη
346 2419 354 2427 .
370 2419 377 2426 .
393 2420 399 2426 .
416 2421 422 2427 .
445 2397 479 2426 ἐν
498 2398 575 2433 ὕψει
594 2397 627 2425 δ’
651 2397 738 2426 ἐστὶν
758 2398 874 2430 ἱκανῶς
895 2396 929 2425 τὸ
941 2398 1070 2434 χωρίον,
1091 2395 1171 2425 ὥστ’
1186 2396 1375 2435 ἀφορᾶσθαί
1385 2404 1485 2433 φασιν
1500 2395 1546 2423 ἀπ
1578 2396 1675 2425 αὐτοῦ
1700 2429 1702 2431 ‚

148 2431 186 2464 τὰ
206 2434 417 2474 Ἱεροσόλυμα.
458 2443 486 2472 p.
509 2437 590 2465 765.:
610 2434 845 2471 Ἐρατοσθένης
866 2454 874 2462 .
890 2456 896 2462 .
913 2456 921 2463 .
937 2455 944 2463 .
966 2430 1001 2462 τὸ
1022 2430 1127 2471 στόμα
1155 2434 1223 2470 (τῆς
1246 2428 1326 2462 κατὰ
1345 2435 1474 2470 Πέρσας
1504 2431 1678 2469 θαλάττης)

147 2473 246 2511 φησὶν
266 2472 347 2502 εἶναι
371 2473 485 2502 στενὸν
505 2472 612 2507 οὕτως,
635 2470 715 2502 ‹fin'
738 2472 769 2506 ἐξ
781 2470 992 2509 Ἀρμόζοντος.
1016 2472 1068 2505 τῆς
1088 2471 1277 2508 Καρμανίας
1295 2469 1499 2509 ἀκρωτηρίου,
1522 2471 1577 2506 τῆς
1590 2468 1678 2506 Ἄρα-

146 2513 216 2547 βίας
236 2510 396 2548 ἀφορᾶται
416 2505 451 2539 τὸ
471 2510 506 2540 ἔν
525 2510 669 2545 Μάκαιςς
692 2508 774 2539 idem
793 2509 886 2539 refert
906 2508 1029 2544 Strabo,
1051 2508 1281 2538 Eratosthenem
1300 2516 1359 2537 nou
1378 2507 1548 2541 nominans,
1567 2516 1595 2545 p.
1611 2508 1677 2536 726.

223 2547 258 2585 31
272 2546 354 2576 Talis
379 2548 609 2585 comparationis
634 2546 788 2586 permulta
812 2547 933 2576 exstant
965 2554 1017 2584 per
1046 2547 1145 2574 totum
1164 2545 1319 2576 Strabonis
1344 2553 1419 2583 opus
1438 2544 1583 2583 exempla,
1604 2552 1678 2582 quo-

145 2594 214 2615 rum
232 2584 378 2615 nonnulla
397 2587 476 2616 certe
496 2586 545 2616 hic
566 2585 744 2616 afferantur:
763 2584 783 2614 1.
805 2585 840 2615 V.
862 2593 890 2622 p.
911 2585 988 2614 246.:
1009 2583 1068 2621 ἔχει
1092 2583 1127 2613 δὲ
1146 2585 1199 2612 καὶ
1219 2583 1235 2612 ἡ
1257 2581 1418 2616 Νεάπολις
1437 2584 1570 2621 θερμῶν
1591 2580 1677 2612 ὑδά-

147 2633 211 2653 των
243 2618 368 2659 ἔκβολᾶς
396 2624 448 2651 καὶ
476 2619 670 2657 κατασκευὰς
689 2624 829 2661 λουτρῶν
851 2621 888 2652 οὐ
904 2623 1028 2660 χείρους
1052 2623 1115 2651 τῶν
1134 2621 1167 2651 ἔν
1187 2620 1317 2655 Βαίαις,
1344 2617 1423 2650 not&
1439 2619 1474 2650 δὲ
1494 2621 1539 2657 τῷ
1560 2618 1678 2657 πλήθει

147 2662 353 2698 λειπομένας·
386 2660 453 2690 ἐκεῖ
472 2657 533 2698 γὰρ
552 2659 628 2696 ἄλλη
648 2660 741 2694 πόλις
764 2661 942 2697 γεγένηται,
975 2658 1286 2696 συνῳκοδομημένων
1310 2658 1477 2704 βασιλείων
1498 2655 1602 2700 ἄλλων
1621 2656 1675 2700 ἐπ’

147 2695 265 2732 ἄλλοις,
285 2696 341 2726 οὐκ
361 2696 499 2727 ἐλάττων
521 2699 574 2735 τῆς
596 2699 827 2735 Δικαιαρχείας.
869 2696 937 2727 XII.
957 2706 985 2734 p.
1006 2698 1085 2726 575.:
1113 2695 1181 2725 ἔστι
1201 2693 1235 2724 δ’
1263 2694 1429 2734 ἔναμιλλος
1449 2711 1487 2716 -
1506 2693 1572 2724 soll.
1592 2693 1679 2732 Gyn-

147 2743 199 2764 cun
219 2752 255 2756 —
275 2737 345 2768 ταῖς
365 2734 507 2772 πρώταις
526 2735 605 2765 κατὰ
627 2732 683 2770 τὴν
694 2734 801 2764 Ἀσίαν
821 2757 827 2763 .
843 2757 849 2764 .
867 2757 874 2764 .
892 2758 898 2764 .
918 2736 1050 2772 μεγέθει
1070 2744 1103 2764 τε
1123 2733 1174 2762 καὶ
1194 2731 1298 2763 κάλλει
1318 2733 1369 2761 καὶ
1389 2731 1521 2770 εὐνομίᾳ
1542 2730 1624 2770 πρός
1644 2741 1678 2761 τε

148 2770 274 2817 εἰρήνην
294 2773 346 2801 καὶ
366 2772 514 2813 πόλεμον.
553 2772 574 2804 l.
594 2772 690 2804 XVII.
711 2782 740 2812 p.
761 2774 842 2804 793.:
866 2775 955 2815 γνοίη
982 2771 1015 2800 δ’
1039 2769 1080 2802 ἅν
1100 2782 1147 2810 τις
1167 2770 1201 2801 ἕν
1220 2780 1254 2800 τε
1280 2773 1317 2816 τῇ
1330 2769 1547 2813 Ἀλεξανδρεία
1566 2770 1618 2799 καὶ
1638 2772 1676 2814 τῇ
