1856 2931
920 59 942 94 8

163 151 260 186 studii
294 151 399 196 aliqua
431 151 458 185 si
495 150 602 184 minus
628 150 791 184 excusatio
823 155 856 184 at
886 149 1056 193 explicatio
1081 149 1115 183 in
1139 149 1208 194 ipsa
1240 150 1290 185 illa
1314 150 1485 186 Strabonis
1508 162 1582 186 cum
1607 151 1698 187 Gallo

162 197 313 231 amicitia.
362 197 456 238 Quod
485 200 598 230 contra
630 195 675 229 nil
705 196 839 230 omnino
872 196 1049 239 geographi
1085 195 1242 230 interesse
1272 196 1394 240 potuit3
1428 202 1465 231 ut
1487 198 1529 231 de
1553 202 1701 242 tempore

163 242 237 277 belli
261 240 388 277 Arabici
421 251 590 286 perperam
614 241 769 283 referret3
803 251 863 286 qua
899 241 933 275 in
967 251 1003 275 re
1024 252 1084 276 nec
1119 251 1237 276 nocere
1260 241 1367 287 potuit
1390 241 1480 277 Gallo
1505 242 1621 277 veritae
1639 253 1700 277 nec

164 289 323 333 prodesse
348 288 570 330 mendacium,
610 287 869 332 quandoquidem
901 287 1015 323 inertia
1046 287 1137 323 ducis
1167 288 1258 333 culpa
1289 298 1355 323 non
1380 293 1542 333 tempore,
1570 289 1628 324 aed
1651 300 1702 324 ra-

165 335 253 375 tione
277 335 409 378 gerendi
434 334 508 367 belli
528 334 701 378 Judicatur.

257 381 345 422 Quae
378 390 475 425 quum
508 379 551 413 ita
584 379 669 423 sint,
708 378 740 413 id
770 383 858 413 certe
882 379 974 413 facile
998 384 1076 424 puto
1109 379 1253 424 quemvis
1278 391 1510 415 concessurum
1534 391 1624 415 esse:
1653 380 1702 415 eis

164 427 336 461 Strabonis
360 426 474 466 verbis,
496 436 577 469 quae
601 425 640 459 ad
666 430 793 468 tempus
810 425 1051 469 expeditionum
1076 436 1150 459 cum
1175 426 1329 460 Arabicae
1353 431 1420 469 tum
1439 427 1700 471 Aethiopicamm

166 473 337 517 pertinent,
364 472 436 505 sine
461 471 523 505 ulla
549 471 749 505 dubitatione
774 471 871 504 fidem
890 481 963 505 esse
988 471 1177 505 habendam.

258 519 375 552 Strabo
408 517 508 561 igitur
540 517 684 560 quamvis
719 517 752 550 in
785 517 973 550 enarrandis
1005 517 1068 551 illis
1095 517 1366 562 expeditionibus
1399 530 1459 553 nec
1488 519 1610 552 Romae
1643 529 1704 553 nec

165 564 313 598 Caesaris
337 564 470 607 Augusti
503 568 626 596 certum
661 563 808 596 nominet
835 572 971 603 annum,
1002 573 1098 597 ansas
1119 567 1236 609 stamen
1269 565 1324 598 dat
1346 565 1385 599 ad
1411 564 1632 610 quaestionem
1656 564 1696 598 de

165 610 260 645 annis
285 620 394 644 earum
420 609 662 654 computatione
687 608 883 643 solvendam.
936 609 1064 643 initium
1088 614 1193 643 autem
1220 610 1398 645 faciendum
1423 617 1473 645 est
1496 610 1696 654 Aethiopicis

167 657 207 690 ab
238 655 515 700 expeditionibus.
548 665 628 698 quas
657 655 736 688 duas
767 654 865 687 fuisse
897 660 929 688 et
959 655 1018 688 Dio
1043 674 1089 679 —
1113 655 1188 695 mv,
1214 659 1234 691 5
1265 675 1310 680 —
1339 662 1371 690 et
1394 657 1509 690 Strabo
1533 675 1580 681 —
1603 656 1696 690 XVII.

166 713 195 747 p.
220 705 298 740 820.
323 712 349 736 s.
379 719 426 725 —-
458 701 598 735 tradunt.
656 701 762 734 Altera
799 705 903 734 autem
936 701 1137 745 expeditione
1168 701 1255 736 finita
1294 702 1498 747 geographus
1528 702 1696 737 Candacen

165 749 356 793 Aethiopiae
389 748 532 790 reginam
559 747 654 791 jussu
684 747 826 780 Petronii
859 747 982 789 legatos
1019 748 1058 780 ad
1090 747 1266 790 Augustum
1296 749 1424 782 misisse
1454 753 1582 782 narrat:
1615 759 1697 793 quos

165 797 298 830 Samum
322 794 467 834 venisse,
498 789 654 826 ἐνταῦθα
687 792 751 826 τοῦ
777 792 959 834 Καίσαρος
993 789 1096 832 ὄντος
1119 790 1176 826 καὶ
1201 790 1382 837 μέλλοντος
1410 793 1458 834 εἰς
1481 793 1620 837 Συρίαν
1643 793 1697 827 ἐν·

164 842 291 876 τεῦθεν
312 836 490 884 προϊέναι,
534 835 694 883 Τιβέριον
718 837 766 878 εἰς
788 834 970 882 Ἀρμενίαν
993 836 1190 879 στέλλοντος
1214 842 1258 884 (p.
1286 843 1386 882 821.).
1434 841 1489 881 Ea,
1515 852 1595 885 quae
1617 851 1695 885 geo·

165 889 308 933 graphus
344 891 410 920 tum
449 886 552 919 futura
577 886 676 919 fuisse
701 886 788 924 dicit,
815 886 894 919 facta
921 893 995 919 sunt
1019 897 1045 918 a.
1072 896 1100 919 u.
1125 896 1151 919 c.
1179 888 1254 921 734.
1277 901 1324 914 =
1346 897 1374 921 a.
1399 886 1474 921 Chr.
1498 897 1529 921 n.
1553 889 1607 921 20.
1640 887 1696 920 cl'r.

166 934 226 969 Dio
250 933 327 973 LIV,
350 937 381 967 7.
432 932 518 975 Ergo
542 942 674 966 necesse
705 936 756 965 est
781 931 874 975 legati
898 931 942 967 illi
972 931 1110 965 adierint
1134 932 1310 976 Augustum
1336 932 1424 966 Sami
1449 933 1644 967 hiemantem
1668 943 1697 966 a.

166 992 196 1016 u.
221 992 249 1015 c.
276 977 417 1022 733.s34.
443 992 489 1007 =
513 981 542 1012 a.
569 978 644 1012 Chr.
677 988 707 1012 n.
732 976 862 1020 21.l20.‚
893 978 960 1011 sive
984 982 1117 1012 exeunte
1136 978 1208 1022 illo,
1243 979 1310 1012 sive
1339 979 1468 1012 ineunte
1499 979 1564 1012 hoc
1597 989 1697 1012 anno:

167 1032 240 1061 utro
265 1026 350 1059 enim
377 1025 492 1057 factum
519 1025 571 1064 sit,
595 1034 654 1057 nec
678 1024 777 1067 liquet
801 1034 860 1057 nec
885 1024 1019 1057 multum
1044 1024 1160 1065 resert3
1184 1029 1362 1058 statuamus
1385 1029 1493 1058 tamen
1510 1025 1607 1059 finem
1623 1025 1698 1058 anni

167 1085 196 1108 u.
221 1083 248 1107 c.
275 1074 350 1105 733.
376 1084 421 1099 =
443 1081 471 1104 a.
496 1070 571 1104 Chr.
608 1080 638 1104 n.
664 1072 716 1103 21.
764 1070 848 1110 Quid
879 1074 983 1104 autem
1011 1070 1111 1113 magis
1143 1075 1413 1114 consentaneum,
1445 1081 1540 1115 quam
1564 1070 1696 1105 alteram

168 1125 278 1152 contra
304 1117 481 1159 Aethiopes
505 1116 742 1159 expeditionem
768 1116 881 1149 eodem
907 1116 961 1149 illo
986 1126 1088 1156 anno,
1117 1126 1181 1159 quo
1206 1117 1322 1159 legatio
1356 1117 1396 1150 de
1424 1127 1501 1160 pace
1524 1117 1563 1150 ad
1589 1118 1698 1160 Augu-

168 1170 253 1198 stum
280 1163 378 1195 missa
402 1167 468 1204 est,
495 1162 608 1194 factam
634 1160 733 1194 esse?
758 1162 957 1205 Quamquam
983 1161 1187 1195 Mommseno
1211 1162 1303 1195 aliter
1327 1162 1460 1203 videtur,
1486 1162 1540 1206 qui
1565 1162 1647 1195 hanc
1670 1172 1698 1195 a.

168 1222 197 1243 u.
222 1221 250 1243 c.
277 1210 353 1241 732.
377 1222 423 1234 =
447 1217 474 1241 a.
499 1207 574 1240 Chr.
600 1217 632 1240 n.
659 1208 722 1245 22..
747 1206 889 1249 priorem
919 1217 1004 1239 anno
1026 1207 1226 1240 antecedenti
1252 1207 1406 1240 attribuit.
1453 1208 1541 1248 Quae
1570 1207 1598 1240 si
1626 1217 1698 1240 vera

167 1260 255 1289 esset
280 1252 408 1297 opinio,
441 1252 527 1285 inter
551 1252 682 1285 alterius
705 1251 918 1295 expeditionis
942 1252 1039 1285 finem
1071 1257 1103 1285 et
1125 1252 1293 1296 legationis
1316 1253 1355 1286 ad
1381 1252 1558 1296 Augustum
1579 1252 1698 1286 adven-

167 1306 234 1335 tum
266 1300 392 1342 integer
423 1298 491 1331 sere
521 1297 728 1331 intercideret
757 1307 878 1331 annus:
912 1297 944 1330 id
969 1298 1054 1341 quod
1088 1297 1221 1331 minime
1246 1298 1409 1341 probabile
1435 1303 1501 1338 est;
1536 1308 1610 1332 nam
1627 1309 1698 1342 ·quo

167 1346 298 1380 tandem
330 1344 429 1377 modo
460 1344 577 1376 factum
615 1354 687 1376 esse
711 1343 817 1384 diceS,
852 1347 887 1376 ut
917 1347 1037 1376 tantum
1061 1343 1218 1386 temporis
1243 1344 1381 1386 spatium
1413 1343 1604 1388 praeteriret
1626 1348 1699 1376 ante

167 1392 288 1425 missos
313 1389 353 1422 ad
377 1388 547 1422 Caesarem
572 1385 719 1431 legatos?
749 1388 812 1421 Aut
837 1387 951 1432 quibus
977 1393 1070 1432 putas
1093 1387 1261 1422 Candacen
1286 1389 1429 1432 reginam
1462 1388 1585 1422 artibus
1609 1399 1699 1422 usam

167 1448 259 1478 esse,
289 1440 324 1469 ut
346 1445 416 1468 rem
441 1434 475 1467 in
499 1434 635 1468 alterum
661 1434 853 1477 produceret
876 1433 1024 1468 annum?
1058 1434 1250 1468 Praesertim
1282 1445 1354 1468 cum
1379 1435 1507 1468 adesset
1528 1435 1700 1468 Petronius

167 1494 240 1517 cum
265 1481 378 1524 copiis,
403 1480 486 1513 haud
510 1490 586 1513 sane
610 1481 825 1520 cunctaturus,
851 1479 878 1512 si
902 1479 976 1523 quid
1001 1484 1112 1512 contra
1137 1479 1232 1513 fidem
1254 1481 1305 1523 agi
1329 1480 1505 1519 videretur3
1530 1485 1563 1514 et
1586 1490 1700 1524 quam·

168 1529 215 1562 vis
231 1527 348 1562 Strabo
372 1525 516 1568 reginam
542 1536 606 1558 non
632 1525 740 1558 statim
765 1525 917 1558 Petronio
943 1525 1097 1568 paruisse,
1123 1525 1178 1558 sed
1206 1526 1447 1569 tergiversatam
1473 1536 1546 1560 esse
1570 1526 1698 1565 indicet,

169 1580 275 1608 tamen
301 1582 364 1606 non
391 1571 489 1604 nimis
513 1571 568 1604 (liu
592 1575 699 1605 actum
724 1581 796 1604 esse
819 1569 963 1615 ejusdem
988 1581 1006 1603 e
1037 1571 1143 1605 verbis
1166 1577 1308 1615 apparet.
1357 1571 1490 1616 insuper
1514 1571 1699 1606 Petronium

167 1631 235 1654 rem
260 1625 389 1653 strenue
407 1617 650 1650 administrasse
674 1628 713 1650 eo
739 1617 841 1659 magis
866 1623 1116 1651 consentaneum
1142 1623 1201 1656 est,
1224 1618 1309 1661 quod
1335 1618 1428 1661 paulo
1452 1622 1525 1651 ante
1549 1617 1701 1651 barbarae

169 1666 298 1710 reginae
323 1663 489 1708 perfidiam
516 1673 616 1706 paene
640 1673 712 1696 cum
738 1662 889 1706 praesidii
924 1662 957 1695 in
983 1662 1102 1706 oppido
1129 1663 1258 1697 Premni
1296 1663 1393 1707 positi
1417 1663 1514 1697 exitio
1539 1663 1608 1707 ipse
1632 1666 1701 1697 erat

168 1716 331 1756 expertus,
367 1709 410 1743 ita
435 1714 470 1743 ut
494 1709 611 1742 nullam
637 1708 708 1742 sine
733 1708 830 1742 dubio
855 1713 1017 1752 pateretur
1039 1707 1224 1744 dilationem
1256 1709 1318 1743 nisi
1352 1720 1433 1754 quae
1456 1720 1591 1753 prorsus
1615 1714 1701 1743 esset

169 1767 362 1792 necessaria.

263 1804 367 1836 Porro
402 1811 476 1834 cum
510 1800 594 1833 inter
628 1805 795 1845 utramque
829 1801 1068 1844 expeditionem
1093 1800 1314 1845 Aethiopicam
1347 1801 1430 1835 haud
1456 1801 1589 1846 longum
1613 1811 1707 1845 prae-

167 1850 289 1884 terisse
316 1847 477 1892 temporis
502 1846 704 1880 intervallum
730 1857 747 1879 e
769 1847 953 1880 narratione
980 1857 1053 1880 cum
1071 1847 1184 1880 Dionis
1209 1853 1277 1881 tum
1301 1847 1475 1891 geographi
1501 1847 1707 1891 perspicuum

172 1897 214 1929 sit
230 1895 270 1938 ¹),
297 1895 387 1937 prior
412 1892 574 1936 expeditio
599 1892 676 1936 quin
699 1892 781 1925 facta
807 1892 849 1925 sit
870 1903 956 1925 anno
980 1892 1188 1925 antecedente
1211 1893 1343 1926 alteram
1377 1903 1472 1926 nemo
1498 1893 1583 1936 quod
1608 1893 1707 1926 seiam

171 1941 303 1975 dubitat.
346 1940 434 1980 Quae
459 1948 532 1972 cum
557 1938 599 1971 ita
625 1937 700 1976 sint,
725 1937 906 1971 rectissime
931 1938 965 1971 C.
991 1938 1085 1971 Peter
1109 1948 1162 1970 res
1186 1948 1203 1970 a
1229 1938 1381 1972 Petronio
1406 1945 1517 1972 contra
1541 1938 1709 1972 Candacen

171 1991 278 2031 gestas
309 1986 348 2019 ad
380 1995 407 2018 a.
440 1994 470 2017 u.
495 1995 522 2017 c.
550 1986 626 2018 732.
663 1988 695 2016 et
727 1985 803 2017 733.
829 1997 874 2011 =
907 1993 934 2016 a.
960 1983 1036 2017 Chr.
1060 1993 1092 2018 n.
1118 1985 1172 2017 22.
1197 1989 1231 2017 et
1255 1986 1307 2018 21.
1334 1984 1457 2018 videtur
1480 1985 1601 2018 referre
1613 1983 1639 2024 ²)
1663 2002 1709 2007 —

171 2032 260 2066 valde
286 2037 393 2064 tamen
417 2040 530 2063 errans
554 2030 594 2063 de
618 2028 771 2062 Arabicae
804 2028 1023 2072 expeditionis
1050 2034 1210 2072 tempore,
1241 2035 1275 2063 ut
1300 2040 1374 2063 mox
1398 2029 1571 2074 apparebit.
1619 2029 1709 2063 Irru-

172 2083 291 2123 perunt
329 2077 416 2110 enim
442 2075 617 2119 Aethiopes
652 2074 683 2107 in
710 2074 907 2118 provinciam
932 2075 1111 2109 Romanam
1150 2080 1241 2116 tunc,
1274 2086 1346 2109 cum
1371 2075 1478 2109 Aelius
1502 2075 1610 2109 Gallus
1634 2085 1706 2109 cum

172 2134 285 2167 magna
319 2121 556 2166 praesidiorum
594 2132 651 2164 per
688 2120 866 2163 Aegyptum
907 2120 1140 2163 dispositorum
1178 2126 1266 2164 parte
1298 2121 1331 2154 in
1362 2121 1478 2155 Arabia
1511 2125 1708 2162 versaretur;

172 2170 256 2204 unde
280 2169 357 2213 quin
382 2186 426 2191 —
451 2172 486 2200 ut
510 2167 680 2200 minimum
705 2175 866 2209 pnoamus
897 2166 1055 2210 temporis
1088 2166 1225 2210 spatium
1241 2186 1297 2198 .—
1322 2177 1409 2201 nono
1442 2167 1571 2202 demum
1596 2177 1708 2201 mense

171 2215 304 2250 alterius
328 2219 502 2258 postquam
526 2212 729 2256 cleopatride
754 2212 891 2245 solverat
914 2213 990 2250 anni
1016 2213 1183 2246 reverterit
1208 2214 1382 2257 secundum
1409 2224 1463 2255 ea,
1489 2224 1569 2258 quae
1592 2212 1708 2247 Strabo

171 2266 282 2296 narrat
294 2261 336 2301 3),
371 2270 436 2293 non
462 2264 512 2293 est
534 2258 686 2298 dubium,
711 2258 731 2292 i.
759 2269 785 2291 e.
814 2263 987 2292 auctumno
1013 2258 1081 2302 ejus
1101 2258 1163 2292 nisi
1188 2259 1279 2293 fallor
1301 2259 1391 2299 anni,
1424 2270 1487 2304 quo
1512 2259 1639 2292 barbari
1663 2259 1708 2292 illi

171 2308 313 2352 primum
339 2306 372 2339 in
396 2308 574 2349 Aegyptum
598 2304 794 2347 irruperunt,
818 2303 860 2336 ita
884 2309 920 2338 ut
942 2304 1079 2338 eundem
1104 2304 1138 2338 in
1161 2315 1280 2339 annum
1304 2305 1431 2339 Arabici
1459 2305 1533 2339 belli
1558 2304 1708 2339 inciderit

250 2463 277 2497 1)
306 2460 368 2490 Cfr.
398 2460 456 2489 Dio
486 2458 573 2493 LIV,
594 2460 620 2488 5.
653 2457 670 2486 ὁ
702 2456 887 2494 Πετρώνιος
914 2480 1038 2488 ......
1066 2458 1246 2499 ἀνεχώρησε
1280 2481 1402 2489 ......
1437 2457 1496 2488 κᾶν
1522 2457 1624 2495 τούτῳ
1645 2460 1709 2488 τῶν

171 2498 350 2530 Αἰθιόπων
372 2501 438 2531 τοῖς
465 2498 616 2535 φρουροῖς
647 2495 849 2533 ἐπιθεμένων
875 2497 932 2526 etc.
954 2518 962 2526 .
976 2518 983 2525 .
998 2519 1005 2526 .
1027 2496 1135 2526 Strabo
1154 2496 1174 2526 1.
1196 2496 1293 2527 XVII.
1313 2506 1341 2535 p.
1363 2498 1428 2527 820.
1450 2506 1474 2527 s.
1497 2520 1504 2526 .
1520 2518 1528 2526 .
1546 2518 1553 2526 .
1568 2520 1575 2526 .
1602 2496 1708 2527 Petro-

171 2538 239 2567 nius
261 2561 268 2568 .
285 2560 291 2566 .
308 2560 314 2566 .
331 2560 337 2566 .
360 2536 483 2570 ἀπῆρεν
503 2534 548 2567 εἰς
559 2531 795 2572 Ἀλεξάνδρειαν
816 2556 918 2564 .....
954 2533 988 2564 ἔν
1008 2534 1109 2572 τούτῳ
1130 2556 1157 2564 ..
1176 2558 1183 2565 .
1201 2559 1208 2565 .
1230 2534 1246 2571 ἡ
1267 2534 1420 2571 Κανδάκη
1441 2559 1447 2565 .
1463 2558 1468 2564 .
1487 2557 1494 2564 .
1512 2557 1518 2564 .
1540 2533 1670 2570 ἐπῆλθε.

247 2577 277 2610 2)
297 2572 403 2604 Gesch.
425 2572 527 2601 Rom's
549 2571 605 2608 111,
626 2581 653 2609 p.
675 2574 731 2608 27„
751 2571 839 2600 Anm.

247 2614 276 2648 3)
296 2611 396 2641 Strab.
422 2610 442 2640 l.
462 2608 543 2638 XVI.
569 2617 599 2646 p.
621 2611 685 2639 781.
709 2632 737 2639 ..
754 2632 782 2638 ..
804 2607 910 2638 Gallus
939 2632 944 2638 .
962 2632 968 2639 .
983 2632 989 2639 .
1013 2608 1200 2647 ἠναγκάσθη
1228 2610 1306 2648 γοῦν
1329 2608 1365 2638 τό
1394 2618 1426 2639 τε
1452 2609 1547 2647 θέρος
1569 2609 1621 2637 καὶ
1652 2608 1708 2637 τὸν

192 2652 314 2690 ειμαῖνα
345 2648 526 2678 διατελέσαι
553 2646 727 2678 αὐτόθι·-
750 2645 1001 2677 seil.Leucec0me
1021 2664 1066 2677 —.
1087 2656 1116 2686 p.
1136 2649 1200 2678 782.
1228 2668 1322 2678 .....
1358 2647 1413 2682 τὴν
1442 2646 1477 2677 δὲ
1500 2647 1610 2676 πᾶσαν
1628 2644 1709 2676 ὁδὸν

166 2662 371 2725 {evacuarentur
391 2684 520 2722 ἐξήνυσε
539 2686 618 2715 κατὰ
640 2685 696 2723 τὴν
715 2684 884 2719 ἐπάνοδον,
906 2684 1072 2718 ἀναλώσας
1098 2685 1129 2719 ἓξ
1147 2688 1249 2722 μῆνας
1269 2685 1303 2715 ἔν
1325 2687 1360 2724 τῇ
1382 2685 1414 2718 ἐξ
1434 2684 1530 2723 ἀρχῆς
1555 2683 1636 2721 ὀδῷ·
1657 2683 1709 2712 ἔν-

172 2727 288 2755 τεῦθεν
315 2723 351 2752 δ’
377 2724 553 2762 ἐπεραίωσε
578 2724 635 2759 τὴν
661 2723 814 2760 στρατιὰν
839 2721 1040 2756 ἑνδεκαταῖος
1070 2723 1116 2758 εἰς
1143 2722 1237 2758 Μυὸς
1257 2721 1372 2763 ὅρμον,
1397 2721 1465 2751 εἶθ’
1491 2722 1642 2761 ὑπερθεὶς
1662 2722 1708 2756 εΙς

173 2762 307 2796 Κοπιόν
327 2783 452 2792 ......
474 2760 608 2800 κατῆρεν
629 2761 675 2795 εἰς
686 2758 931 2800 Ἀλεξάνδρειαν.
