1856 2931
902 37 924 70 4

152 126 288 159 mueller
319 136 391 159 eum
417 136 457 159 eo
482 125 618 159 consilio
641 125 778 158 Romam
802 125 980 168 profectum
1012 134 1084 158 esse
1115 127 1233 162 censet,
1265 128 1301 158 ut
1332 124 1375 158 ibi
1399 124 1558 174 Xenaryhi
1582 123 1683 159 disci-

153 171 239 214 plina
263 177 406 205 uteretur
420 171 454 212 ¹).
503 173 606 211 Quam
633 175 708 204 tunc
727 170 809 203 viam
835 170 1002 213 ingressus
1027 170 1080 208 sit,
1107 180 1172 203 non
1196 169 1314 213 liquet3
1349 163 1551 204 nff‘ta‘r'iien
1573 170 1681 204 omnia

150 216 275 254 fallunt,
299 216 548 249 llasenmuelleri
573 215 736 258 probanda
761 219 811 247 est
836 215 956 257 opinio,
982 215 1036 258 qui
1062 224 1135 247 eum
1151 219 1238 247 recta
1261 215 1309 247 via
1327 215 1487 248 maritima
1507 215 1539 248 in
1558 215 1683 248 Italiam

150 260 331 303 profectum
358 271 430 294 esse
452 260 633 304 suspicatur
645 259 683 303 ²),
707 259 826 304 quippe
850 269 944 303 quem
971 264 1048 292 tunc
1078 259 1206 303 quidem
1230 258 1421 294 Corinthum
1448 269 1514 294 non
1538 258 1683 303 attigisse

147 311 284 340 constet.
322 306 410 340 Hanc
434 306 520 339 enim
541 305 654 339 urbem
677 317 712 339 se
726 305 843 339 vidisse
857 305 927 348 ipse
941 310 1049 339 narrat
1073 315 1195 348 „nuper
1209 315 1226 338 a
1245 305 1397 339 Romanis
1413 304 1682 347 restauratam“³)

145 356 321 385 restaurata
332 357 437 385 autem
451 356 501 384 est
515 351 555 384 ab
569 353 641 394 ipso
655 351 791 383 Caesare
804 351 896 393 paulo
911 356 984 383 aute
998 361 1110 392 necem
1124 350 1162 391 4).
1186 350 1263 383 Sine
1278 351 1376 384 dubio
1393 356 1458 384 tum
1475 350 1681 384 Brundisium

146 396 216 430 navi
248 396 378 440 appulsa
411 397 444 429 in
467 401 594 430 ‚terram
626 406 776 439 egressus
808 400 858 429 est
869 395 908 436 ⁵).
962 395 1051 429 Unde
1084 405 1157 428 cum
1190 395 1268 429 duae
1301 400 1447 439 paterent
1474 396 1551 436 viae,
1584 395 1682 429 altera

145 437 308 486 ἡμιονικὴ
339 453 396 486 per
421 442 628 480 Poediculos,
654 441 801 481 Daunos,
825 441 985 474 Samnites
1011 441 1245 479 Beneventum,
1277 442 1388 483 altera,
1419 452 1512 485 quam
1547 441 1681 485 Appiam

145 487 308 526 dicebant,
333 498 391 531 per
415 487 610 520 Tarentinos
635 492 667 519 et
687 487 755 529 ipsa
781 486 994 519 Beneventum
1018 486 1138 519 ducens
1163 482 1379 529 ἁμαξήλατος
1401 484 1602 529 μᾶλλονθ);
1623 486 1682 519 hac

146 532 247 576 Appia
273 544 346 566 eum
370 533 432 566 iter
458 533 592 565 Romam
619 531 799 574 perrexisse
823 536 917 574 pum,
952 531 1070 575 quippe
1104 541 1183 574 quae
1208 542 1308 574 puero
1342 537 1489 576 quartum
1522 532 1681 565 decimum

147 578 214 610 fere
237 579 356 612 an'num
382 577 497 621 agenti,
522 587 595 610 cum
620 577 780 610 curriculo
805 576 850 608 uti
876 581 997 619 posset,
1016 577 1162 619 vmajores
1185 576 1354 619 praeberet
1374 577 1623 610 commoditates
1641 576 1680 609 ad

150 623 348 666 superandas
361 622 451 660 ,tanti
475 622 601 655 itineris
625 621 818 654 molestiass.

123 672 125 674 '
240 669 359 702 nomae
382 667 497 702 Strabo
522 666 637 700 studiis
659 677 694 700 se
719 665 849 699 dedidit.
885 666 972 707 Quae
990 666 1092 711 qualia
1118 666 1237 700 fuerint
1258 677 1330 700 cum
1354 668 1458 712 quoad
1478 666 1548 701 fieri
1572 670 1682 711 potest

146 713 390 747 Hasenmueller
424 712 607 756 exposuerit
620 712 655 752 ⁷),
688 712 771 744 hanc
807 712 839 744 in
875 723 944 744 rem
978 713 1092 744 iteruin
1128 711 1291 754 inquirere
1325 722 1595 755 supervacaneum
1621 716 1681 744 est.

148 758 309 802 Perpanca
334 763 457 802 tantum
482 757 600 790 addere
617 757 719 790 liceat.
762 756 887 790 Etenim
909 756 1100 789 Strabonem
1126 761 1202 790 tunc
1222 757 1289 801 jam
1315 757 1429 791 studiis
1454 756 1682 802 geographicis

148 814 280 847 operam
306 804 436 838 dedisse
459 803 571 836 vellem
598 803 648 836 ille
673 802 888 836 confidentius
912 802 1135 836 contendisset
1148 802 1186 843 ⁸).
1234 804 1312 837 Nam
1346 808 1570 847 praeterquam
1595 802 1680 847 quod

146 849 319 892 Tyrannio,
354 849 422 892 ejus
448 849 618 891 magister,
657 849 738 880 haud
773 847 868 880 dubie
910 849 1044 880 multum
1081 848 1114 880 in
1146 849 1368 891 geographicis
1404 854 1548 881 versatus
1582 853 1632 880 est
1644 847 1680 889 ⁹),

147 894 339 928 Strabonem
373 894 411 927 ad
445 894 524 927 haec
559 893 663 927 studia
696 892 867 926 deductum
898 903 970 926 esse
995 897 1126 936 oportet
1149 893 1381 927 consuetudine
1405 893 1466 938 ipsi
1491 904 1562 927 cum
1585 892 1678 926 Posi-

146 940 246 973 donio
263 940 500 979 intercedente,
526 950 607 982 quae
631 943 747 982 quanta
772 938 867 971 fuerit
891 938 969 971 satis
991 939 1075 971 clare
1101 938 1341 972 Hasenmueller
1365 939 1508 973 ostendit
1528 938 1581 979 ¹⁰).

241 985 384 1018 Fuerunt
408 985 514 1024 etiam,
538 984 592 1028 qui
619 984 811 1017 Strabonem
837 983 1038 1017 Athenodori
1064 983 1277 1029 Κανανίτου,
1303 985 1404 1018 Tarso
1419 984 1556 1024 oriundi,
1580 983 1680 1017 disci-

147 1031 231 1075 plina
257 1031 289 1065 in
315 1031 383 1075 ipsa
408 1031 469 1065 hac
493 1029 572 1064 urbe
597 1040 690 1063 usum
716 1040 788 1062 esse
808 1029 969 1063 dicei-ent:
995 1040 1089 1073 quam
1115 1030 1306 1064 sententiam
1333 1030 1573 1064 Hasenmueller
1594 1030 1682 1063 refu·

148 1078 223 1110 tavit
242 1077 295 1115 ¹¹).
344 1077 454 1110 Potuit
475 1081 581 1117 autem
606 1076 662 1115 eis,
688 1085 767 1118 quae
791 1075 906 1114 attulit,
940 1076 1056 1108 addere
1081 1075 1183 1118 ipsius
1208 1077 1382 1120 geographi
1406 1076 1510 1119 verba,
1545 1086 1625 1119 quae
1648 1075 1681 1107 in

148 1122 239 1156 Tarsi
267 1121 485 1166 descriptione
519 1121 666 1165 leguntur
699 1120 733 1160 (l.
761 1120 839 1153 XIV.
870 1131 900 1164 p.
931 1121 1039 1162 673.);
1073 1117 1229 1155 ἐνταῦθα
1254 1122 1292 1147 -ὲ
1321 1122 1389 1156 scil.
1433 1121 1525 1155 Tarsi
1547 1139 1593 1144 -—
1616 1117 1682 1162 μὲν

147 1167 182 1202 οἱ
210 1168 492 1212 φιλομαθοῦντες
525 1164 701 1210 ἐπιχώριοι
734 1163 860 1204 πάντες
893 1165 974 1207 εἰσί,
1010 1165 1099 1208 ξένοι
1136 1164 1169 1201 δ’
1207 1165 1275 1202 οὐκ
1303 1165 1508 1212 ἐπιδημοῦσι
1543 1165 1680 1213 ῥᾳδίως.

148 1215 264 1258 ltaque>
283 1214 353 1247 sine
384 1214 498 1254 dubio,
530 1213 599 1257 ipse
623 1214 659 1254 si,
684 1212 828 1256 quamvis
853 1222 918 1246 non
943 1213 1092 1257 indigena
1118 1219 1211 1255 esset,
1236 1214 1327 1247 Tarsi
1352 1214 1469 1248 litteris
1494 1213 1679 1252 studuisset,

146 1260 179 1294 id
205 1260 334 1294 silentio
361 1260 410 1293 vix
434 1259 653 1304 praeterisset.
846 1273 851 1277 ·

241 1306 331 1339 Haud
356 1306 451 1339 dubie
477 1305 592 1338 Strabo
617 1305 748 1348 longum
773 1304 887 1338 aetatis
918 1309 1044 1348 tempus
1069 1306 1189 1339 Romae
1213 1306 1307 1350 degit.
1355 1306 1568 1349 Tyrannionis
1593 1305 1679 1339 enim

146 1352 313 1396 disciplina
330 1351 457 1396 juvenis
481 1351 524 1384 ibi
546 1361 623 1383 usus
647 1356 697 1384 est
717 1355 793 1394 post
817 1356 1072 1384 consummatam
1096 1352 1249 1395 puerilem
1265 1351 1500 1385 institutionem
1518 1349 1571 1393 ¹²).
1610 1351 1680 1391 Quo

146 1403 250 1432 autem
283 1403 433 1441 tempore
458 1397 558 1430 Roma
584 1396 692 1430 relicta
719 1397 750 1429 in
775 1396 883 1429 Asiam
906 1397 1089 1437 reverterit,
1114 1408 1187 1431 cum
1212 1403 1296 1431 certa
1322 1398 1427 1431 desint
1450 1398 1582 1437 indicia,
1615 1408 1679 1431 non

145 1444 254 1488 liquet.
298 1444 367 1477 Hoc
393 1448 516 1476 tantum
528 1448 664 1483 constat,
689 1453 761 1475 eum
774 1452 799 1475 a.
811 1452 837 1475 a.
854 1442 930 1476 Chr.
956 1452 985 1475 n.
1011 1445 1065 1476 29.
1078 1454 1135 1486 per
1150 1443 1287 1487 Gyarum
1300 1443 1491 1477 Corinthum
1505 1443 1680 1488 navigasse,

146 1500 223 1534 ergo
249 1500 315 1523 non
340 1489 372 1522 in
398 1489 516 1529 Asiam,
542 1488 598 1522 sed
625 1499 661 1521 ex
683 1488 743 1521 hac
767 1493 851 1521 terra
875 1488 1064 1531 profectum.
1114 1490 1214 1522 Antea
1246 1489 1298 1523 ubi
1330 1496 1474 1523 versatus
1499 1489 1554 1531 sit,
1587 1495 1680 1533 post-

228 1607 255 1642 1)
276 1605 337 1636 cfr.
357 1604 500 1635 Hasenm.
520 1613 571 1642 pp.
595 1606 638 1641 19,
659 1605 704 1639 26,
726 1605 769 1633 27.
809 1603 887 1633 Huic
909 1603 1067 1642 quominus
1088 1605 1290 1634 assentiamur
1311 1605 1477 1635 sententiae
1496 1605 1541 1635 nil
1560 1605 1680 1636 omnino

145 1645 260 1677 obstat,
282 1651 464 1681 quamquam
489 1643 571 1670 errat
592 1641 831 1676 Hasenmueller,
852 1650 919 1670 cum
942 1650 985 1678 ea,
1006 1650 1082 1678 quae
1107 1642 1144 1671 de
1168 1642 1331 1671 Acharacis
1358 1652 1449 1681 prope
1474 1643 1588 1680 Nysam
1614 1643 1680 1672 sitis

150 1690 169 1711 a
188 1680 337 1711 Strabone
356 1680 518 1708 narrentur
539 1678 570 1715 (l.
590 1678 668 1707 XIV.
690 1687 720 1715 p.
742 1679 819 1714 649),
841 1677 995 1717 postulare
1016 1678 1090 1707 dicit
1110 1680 1313 1717 spectatorem
1327 1679 1484 1710 duodecim
1499 1680 1607 1710 saltem
1627 1690 1680 1709 an-

150 1727 267 1748 nornm.
306 1717 387 1746 Haec
406 1718 491 1746 recta
510 1725 542 1745 se
564 1715 717 1752 haberent,
744 1715 770 1743 si
790 1716 968 1745 Strabonem
998 1716 1089 1745 semel
1110 1716 1181 1745 dum
1203 1717 1278 1746 vivit
1297 1720 1377 1750 tum,
1405 1726 1472 1747 cum
1499 1717 1681 1747 Aristodemi

149 1755 308 1793 disciplina
325 1763 398 1783 usus
419 1755 480 1787 est,
501 1753 602 1790 Nysae
627 1753 720 1781 fuisse
745 1753 946 1781 demonstrari
965 1755 1077 1789 posset.
1116 1753 1192 1782 Cum
1219 1763 1288 1788 vero
1314 1756 1446 1787 constet,
1471 1754 1681 1793 geographum

145 1793 238 1822 etiam
259 1791 366 1821 adulta
386 1792 489 1820 aetata
518 1790 629 1819 itinera
653 1798 706 1827 per
726 1790 831 1818 Asiam
852 1799 941 1827 quam
965 1789 1092 1819 dicimus
1112 1791 1258 1820 minorem
1281 1791 1402 1825 fecisse,
1431 1791 1574 1821 facillime
1615 1791 1682 1821 fieri

144 1829 255 1868 potuit,
277 1831 313 1857 ut
332 1829 443 1857 iterum
462 1827 548 1856 illam
567 1827 599 1856 in
619 1831 724 1856 urbem
744 1827 868 1856 veniret.
888 1826 1003 1856 Deinde
1024 1829 1161 1857 constare
1181 1830 1272 1866 putat
1290 1828 1517 1858 Hasenmueller
1541 1831 1582 1872 (p.
1602 1830 1681 1866 265.)

145 1877 181 1897 ex
201 1867 320 1896 ratione
347 1864 610 1895 describendorum
638 1873 740 1894 eorum
767 1864 918 1900 locorum,
945 1864 978 1893 in
1002 1865 1110 1902 quibus
1135 1865 1243 1896 Strabo
1267 1866 1454 1896 Xenarchum
1481 1875 1583 1910 puena
1608 1867 1682 1897 edu-

147 1904 251 1934 candis
278 1912 402 1933 vacasse
429 1902 525 1939 dicat,
551 1902 757 1940 geographum
782 1902 883 1940 ipsum
913 1901 1077 1932 Seleuciam
1103 1902 1223 1933 Ciliciae
1243 1912 1407 1948 numquam
1427 1903 1546 1935 vidisse.
1586 1904 1682 1943 „Des-

146 1942 284 1980 cripsit“,
311 1941 411 1978 inquit
458 1964 464 1969 .
486 1942 541 1973 27..
570 1940 742 1977 „regionem
769 1942 804 1968 ut
834 1940 952 1969 videtur
978 1940 1202 1970 Artemidorum
1227 1941 1389 1979 Ephesium
1414 1943 1564 1972 secutus.“
1602 1942 1681 1971 Miro

148 1982 251 2009 autem
272 1987 374 2008 errore
435 1978 483 2007 ert
503 1977 588 2015 quasi
608 1978 761 2006 auctorem
782 1976 872 2014 hujus
892 1986 908 2006 o
932 1977 1039 2006 inionis
1055 1977 1244 2013 Heerenium,
1264 1978 1312 2008 cui
1333 1978 1342 2007 i
1364 1979 1389 2008 si
1404 1978 1511 2009 Strabo
1526 1988 1583 2009 non
1595 1979 1681 2009 Arte-

144 2018 303 2054 midorum,
336 2015 390 2046 sed
423 2019 544 2053 praeter
578 2014 653 2043 alios
689 2014 817 2044 maxime
837 2015 907 2044 Posi
930 2015 1030 2044 onium
1055 2015 1086 2044 in
1112 2015 1309 2045 describenda
1359 2016 1440 2046 ilicia
1471 2018 1591 2047 secutus
1616 2026 1681 2047 esse

143 2055 277 2089 videtum
305 2054 359 2083 cfr.
386 2053 510 2082 Heeren.
539 2052 575 2081 de
602 2052 693 2081 fontt.
726 2052 865 2081 Strabon.
886 2062 915 2090 p.
946 2054 990 2081 54.
1020 2055 1091 2088 (non
1116 2061 1146 2089 p.
1179 2055 1246 2088 150,
1272 2056 1308 2082 ut
1332 2054 1560 2084 Hasenmueller
1584 2054 1681 2092 dicit),

144 2092 328 2122 assentiente
343 2089 539 2121 'Groskurdio
571 2090 675 2127 (praef.
701 2099 731 2127 p.
762 2089 876 2126 XLV.).
916 2089 1002 2119 Unde
1033 2091 1135 2119 autem
1169 2090 1227 2120 scit
1252 2091 1479 2121 Hasenmueller
1502 2092 1681 2122 Strabonem

142 2138 307 2174 numquam
342 2127 507 2158 Seleuciam
539 2126 671 2157 vidisse?
722 2127 807 2162 Quod
833 2127 859 2156 si
894 2128 958 2157 tam
992 2127 1173 2162 luculenter,
1207 2129 1242 2157 ut
1275 2128 1323 2157 illi
1349 2128 1483 2163 videtur,
1523 2138 1539 2159 e
1571 2130 1682 2159 deceri-

124 2167 255 2205 ‘ptioms
288 2166 405 2196 ratione
437 2168 611 2203 appareret,
645 2172 733 2193 nemo
768 2172 911 2201 umquam
943 2173 1070 2202 graecae
1103 2165 1223 2202 linguae
1252 2166 1368 2202 peritus
1423 2166 1607 2204 eographum
1639 2167 1682 2196 ibi

142 2206 294 2234 versatum
315 2212 380 2233 esse
401 2201 619 2232 contendisset:
641 2202 720 2240 quod
747 2202 882 2231 fecerunt
902 2201 1104 2231 Groskurdius
1127 2219 1158 2223 -
1183 2203 1275 2240 praef.
1297 2212 1326 2241 p.
1346 2203 1402 2232 XV
1434 2203 1458 2233 Ι.
1478 2220 1530 2240 —,
1553 2203 1681 2234 Creuzer

141 2260 178 2265 —
203 2251 272 2272 ann.
299 2241 428 2271 Vindob.
453 2239 530 2270 CXI.
552 2249 580 2277 p.
607 2241 661 2270 132
682 2256 717 2261 -
737 2239 831 2269 Malte
851 2252 888 2264 =
909 2239 1040 2268 Bruuius
1063 2257 1095 2261 —
1118 2239 1212 2277 biogr.
1235 2240 1314 2271 univ.
1335 2241 1440 2272 XLIV.
1460 2250 1489 2278 p.
1510 2244 1535 2272 2.
1575 2242 1679 2280 Neque

143 2279 295 2316 intellego,
322 2278 402 2316 quod
422 2277 533 2306 attinet
554 2277 593 2306 ad
619 2277 738 2306 illorum
765 2276 899 2306 locorum
919 2276 1166 2313 descriptionem,
1187 2286 1247 2314 qua
1271 2278 1394 2307 tandem
1419 2288 1452 2308 re
1472 2287 1623 2316 cogamur,
1645 2281 1680 2308 ut

141 2316 324 2346 Strabonem
344 2315 430 2344 illam
450 2314 573 2344 Ciliciae
593 2314 698 2343 urbem
719 2313 830 2343 vidisse
850 2322 1003 2351 negemus.

220 2354 250 2388 2)
270 2353 325 2382 cfr.
347 2352 467 2381 dissert.
488 2351 553 2389 ejus
573 2360 602 2389 p.
625 2354 658 2380 17
682 2350 750 2381 adn.
774 2353 797 2380 l.

218 2392 247 2427 3)
269 2390 288 2419 l.
309 2389 390 2419 VIII.
422 2399 450 2426 p.
477 2390 546 2417 379:
582 2389 638 2425 τὴν
661 2391 856 2418 τοποθεσίαν
882 2389 936 2423 τὴς
962 2387 1084 2421 πόλεως
1106 2410 1113 2417 .
1130 2410 1137 2417 .
1153 2410 1183 2418 ..
1205 2391 1367 2427 Κορίνθου
1391 2413 1398 2420 .
1420 2413 1425 2419 .
1448 2412 1456 2419 .
1477 2412 1486 2419 .
1512 2391 1564 2420 καὶ
1591 2389 1679 2420 αὐτοὶ

148 2427 277 2466 εἴδομεν
297 2427 410 2456 νεωστὶ
429 2426 667 2463 ἀναληφθείσης
690 2424 752 2453 ὑπὸ
769 2427 832 2454 τῶν
852 2425 1012 2463 Ῥωμαίων
1026 2449 1033 2455 .
1050 2447 1057 2454 .
1074 2448 1080 2454 .
1095 2449 1101 2455 .

223 2466 254 2501 4)
274 2464 294 2493 1.
314 2463 398 2492 VIII.
419 2472 449 2500 p.
472 2464 536 2492 381.
557 2461 590 2490 L.
610 2462 722 2500 Lange,
743 2463 807 2491 ant.
827 2461 912 2491 Rom.
932 2461 988 2492 111.
1009 2470 1038 2499 p.
1060 2464 1125 2499 464,
1147 2464 1172 2492 2.

168 2536 180 2542 ἢ
221 2505 251 2538 5)
270 2501 292 2530 1.
314 2500 365 2530 VI.
385 2510 413 2539 p.
436 2501 489 2529 282
498 2509 523 2529 s·
544 2498 564 2529 f.
588 2521 618 2530 ..
634 2524 640 2530 .
655 2524 661 2529 .
677 2523 682 2529 .
699 2523 705 2529 .
730 2500 763 2529 τὸ
783 2501 982 2539 Βρεντέσιον,
1009 2501 1060 2529 καὶ
1081 2501 1120 2537 δὴ
1140 2501 1192 2529 καὶ
1213 2501 1308 2541 δεῦρο
1327 2500 1447 2535 πάντες
1467 2504 1679 2542 καταίρουσιν,

148 2543 193 2572 οἱς
214 2541 260 2573 εἰς
279 2539 337 2575 τὴν
353 2537 476 2576 Ῥώμην
496 2536 660 2574 πρόκειται
681 2536 767 2569 ὁδός.

218 2578 248 2613 6)
269 2576 369 2607 Strab.
400 2575 422 2604 l.
450 2574 502 2603 Vl.
527 2583 556 2612 p.
580 2575 644 2604 282.
669 2583 692 2604 Β.
715 2573 734 2604 f.
761 2572 820 2605 δύο
845 2573 884 2603 δέ
908 2575 971 2603 εἰσι
990 2591 1026 2596 -
1045 2574 1107 2605 scil.
1147 2574 1221 2605 ὁδοί
1240 2593 1275 2597 -
1294 2578 1354 2616 μία
1374 2577 1434 2615 μὲν
1459 2575 1602 2615 ἡμιονικὶ,
1624 2577 1678 2607 διὰ

143 2616 331 2651 Πευκετίων,
348 2611 404 2647 οὓς
420 2612 610 2646 Ποιδίκλους
629 2612 769 2647 καλοῦσι,
790 2613 843 2641 καὶ
857 2613 1006 2643 Δαυνίων
1022 2615 1075 2642 καὶ
1095 2615 1261 2644 Σαυνιτῶν
1279 2616 1373 2654 μεχρι
1398 2617 1625 2646 Βενεουεντοῦ.
1637 2640 1643 2646 .
1655 2636 1677 2646 ..

142 2661 169 2690 p.
191 2654 261 2682 283:
283 2652 301 2688 ἢ
322 2651 357 2680 δὲ
379 2651 435 2680 διὰ
457 2649 621 2688 Τάραντος
646 2672 653 2679 .
673 2673 679 2680 .
696 2673 703 2680 .
719 2672 741 2686 .,
762 2649 911 2686 ἡᾺππΙα
930 2651 1092 2695 λεγομένη,
1115 2651 1315 2691 ἁμαξήλατος
1339 2653 1469 2691 μᾶλλον.

215 2691 244 2727 7)
264 2698 314 2728 pp.
335 2691 412 2719 ⁴27.s.
435 2704 470 2709 -—
492 2690 522 2725 8)
541 2696 571 2728 p.
594 2689 638 2717 28.
651 2697 675 2717 s.
691 2688 712 2718 f.
736 2703 768 2709 —
791 2689 820 2727 9)
840 2687 982 2718 Hasenm.
1004 2688 1075 2719 1bid.
1095 2705 1132 2711 —
1155 2690 1203 2727 10)
1222 2698 1274 2728 pp.
1295 2692 1341 2722 32.
1356 2699 1380 2721 s.
1399 2707 1438 2713 —
1460 2692 1506 2729 11)
1527 2700 1578 2730 pp.
1593 2693 1638 2722 31.
1654 2700 1676 2722 s.

215 2728 263 2765 12)
284 2726 338 2758 cfr.
359 2726 502 2758 Hasenm.
522 2734 574 2765 pp.
595 2727 640 2756 26.
653 2735 692 2756 ss.
