1856 2931
147 655 208 707 De
231 669 400 706 Strabonis
431 668 602 704 itineribus
633 680 716 704 unus
748 669 852 704 adhuc
876 668 1095 704 Groskurdius
1127 668 1317 714 peculariter
1340 669 1488 714 exposuit
1506 667 1542 712 1).
1590 669 1671 711 Qui·
1701 669 1703 671 ’

149 728 273 763 cunque
303 714 389 750 enim
418 721 492 749 ante
524 725 597 749 eum
630 725 761 759 operam
792 725 830 749 ac
862 716 1002 750 studium
1034 715 1076 749 ita
1110 716 1143 749 in
1167 715 1360 750 Strabonem
1392 715 1607 757 contulerunt,
1636 721 1673 750 ut

149 775 213 799 non
237 763 342 797 solum
372 762 465 796 verba
496 761 565 806 ejus
589 761 1047 804 recenserent-emendarent,
1072 761 1285 805 illustrarent,
1313 761 1370 795 sed
1391 761 1487 795 etiam
1511 763 1552 796 de
1576 762 1673 796 rebus

147 810 187 844 ad
214 809 311 843 vitam
334 807 509 852 geographi
532 807 766 851 pertinentibus
796 812 1000 852 quaererent,
1035 817 1225 851 quamquam
1259 808 1362 841 facere
1390 818 1457 841 non
1488 812 1672 851 potuerunt,

148 855 225 900 quin
250 854 363 888 itinera
387 853 457 897 ejus
487 857 789 896 commemorarent,
822 859 929 887 tamen
953 853 1039 887 hunc
1068 853 1174 887 locum
1204 852 1393 887 brevissime
1417 858 1540 887 tantum
1564 853 1673 897 tetige-

149 906 225 935 runt
235 898 275 942 ²).
300 900 387 933 Idem
412 899 494 932 valet
516 899 548 932 in
574 899 775 939 fleerenium,
800 899 853 944 qui
878 905 1042 943 praeterea
1068 899 1148 932 fines
1172 899 1322 932 itinerum
1347 909 1366 932 a
1389 898 1549 933 Strabone
1572 900 1673 933 facto-

148 957 221 981 rum
255 945 389 980 omnino
412 944 606 978 adumbrans
635 944 725 978 valde
755 945 890 980 erravit:
922 946 962 979 de
993 955 1056 990 quo
1087 954 1200 978 errore
1224 951 1348 989 postea.
1362 945 1423 979 erit
1454 945 1624 979 dicendum
1637 944 1675 986 ³).

149 992 213 1027 Sed
236 1002 276 1026 ne
301 990 536 1025 Groskurdium
561 991 702 1035 quidem,
734 1002 830 1036 quem
855 991 1014 1026 Gustavus
1038 991 1173 1025 Kramer
1202 990 1356 1035 singulari
1378 990 1547 1025 Strabonis
1569 991 1674 1025 admi·

148 1038 271 1073 ratione
295 1042 390 1082 atque
412 1047 524 1071 amore
548 1037 718 1071 adductum
741 1037 904 1072 indefesso
929 1038 1036 1071 studio
1060 1047 1247 1082 summaque
1278 1037 1442 1081 diligentia
1473 1038 1598 1072 multos.
1616 1047 1675 1082 per

147 1095 251 1119 annos
274 1083 307 1117 in
331 1083 518 1127 explicando
547 1087 642 1127 atque
666 1083 866 1117 emendando
890 1095 929 1118 eo
957 1083 1139 1117 elaborasse
1168 1083 1242 1128 jure
1263 1083 1416 1128 judicavit
1425 1083 1462 1127 ⁴),
1496 1083 1674 1128 quaestioni

148 1131 188 1164 de
211 1129 274 1163 vita
297 1128 472 1173 geographi
497 1129 586 1162 omni
601 1139 638 1161 ex
657 1134 746 1173 parte
769 1130 964 1164 satisfecisse
989 1129 1131 1163 ostendit
1156 1129 1327 1173 Josephus·
1343 1129 1583 1163 Hasenmueller
1606 1129 1675 1163 dis-

148 1176 322 1209 sertatione
345 1175 407 1213 illa,
431 1184 491 1218 qua
516 1175 685 1208 Strabonis
707 1175 747 1208 de
771 1185 897 1218 genere,
921 1180 1031 1215 aetate,
1054 1174 1218 1218 magistris
1236 1174 1475 1208 accuratissime
1493 1181 1527 1208 et
1550 1175 1676 1217 optime

148 1220 214 1265 egit
236 1230 274 1254 ac
298 1221 376 1254 satis
400 1229 511 1263 graves
534 1228 606 1253 cum
631 1220 767 1254 aliorum
792 1225 860 1255 tum
874 1219 1067 1255 Groskurdii
1093 1219 1146 1255 his
1169 1219 1209 1254 de
1228 1219 1324 1254 rebus
1344 1229 1472 1255 errores
1487 1219 1628 1255 correxit
1639 1219 1676 1261 ⁵).

148 1267 217 1299 Hac
238 1266 464 1298 dissertatione
489 1266 560 1297 fieri
592 1276 657 1297 non
683 1267 788 1308 potuit
813 1267 890 1310 quin
917 1273 1112 1299 nostrae-ea
1137 1266 1343 1310 potissimum
1366 1265 1564 1308 niterentur,
1596 1275 1677 1309 quae

148 1311 188 1345 ad
213 1310 316 1355 prima
341 1310 517 1354 geographi
540 1310 655 1343 itinera
681 1316 836 1354 spectant.

241 1356 323 1390 Sunt
346 1355 443 1400 enim,
469 1365 549 1400 quae
573 1355 793 1391 Groskurdius
826 1357 866 1391 de
891 1355 1059 1390 itineribus
1091 1367 1217 1401 quoque
1249 1355 1417 1391 Strabonis
1450 1355 1557 1390 minus
1590 1360 1677 1390 recte

149 1402 323 1447 protulisse
347 1402 498 1435 videatur.
546 1402 672 1435 Etenim
693 1403 779 1446 quod
805 1403 961 1446 vituperat
985 1402 1017 1435 in
1042 1403 1255 1442 Tzschuckio.
1285 1413 1380 1447 quem
1406 1403 1503 1436 nimis
1527 1407 1619 1436 caute
1642 1402 1676 1435 in

150 1448 276 1483 edendo
301 1453 335 1483 et
358 1447 558 1483 emendando
581 1447 739 1483 Strabone
763 1448 868 1493 egisse
891 1448 995 1493 arguit
1006 1444 1050 1490 ⁶),‘
1065 1448 1099 1483 id
1123 1449 1157 1483 in
1181 1448 1286 1493 ipsum
1311 1448 1436 1491 recidit,
1460 1449 1488 1483 si
1511 1448 1677 1493 quaestio-

150 1505 225 1529 nem
251 1495 291 1528 de
314 1494 484 1528 itineribus
508 1494 681 1538 geographi
704 1495 848 1538 respicis,
871 1495 916 1528 ita
941 1499 976 1528 ut
999 1495 1059 1528 hac
1082 1495 1122 1528 de
1146 1505 1182 1529 re
1194 1495 1333 1539 plurima
1346 1495 1442 1529 nobis
1454 1495 1561 1529 adhuc
1585 1494 1678 1528 inda-

154 1541 257 1585 ganda
280 1551 352 1575 esse
372 1540 445 1585 jure
469 1540 709 1574 Hasenmueller
732 1541 847 1574 dixerit
862 1540 897 1582 ⁷).

241 1587 329 1627 Quae
354 1596 451 1630 quum
475 1586 519 1618 ita
544 1587 620 1627 sint,
643 1586 847 1630 propositum
872 1586 951 1619 mihi
976 1591 1036 1628 est,
1065 1586 1123 1627 eis,
1147 1596 1228 1631 quae
1252 1591 1338 1620 recte
1363 1587 1509 1621 videntur
1532 1596 1550 1620 a
1575 1586 1678 1620 Gros-

153 1632 267 1666 kurdio
291 1632 438 1676 indagata
462 1642 542 1673 esse,
566 1642 664 1675 pauca
688 1632 805 1666 addere
828 1650 875 1655 ——
901 1632 949 1665 sic
973 1630 1179 1676 existimanti,
1204 1642 1322 1676 operae
1338 1632 1477 1677 pretium
1501 1642 1554 1666 me
1576 1633 1678 1666 factu-

150 1688 222 1711 rum
248 1688 329 1717 esse,
354 1678 380 1710 si
406 1677 520 1721 aliqua,
544 1687 624 1721 quae
648 1677 915 1721 comprobatione
938 1678 1103 1711 videantur
1126 1678 1220 1722 digna
1245 1688 1326 1720 esse,
1350 1678 1617 1722 investigaverim.

245 1723 390 1756 Primum
414 1727 519 1755 autem
544 1728 721 1766 quaeratur,
754 1733 818 1767 quo
852 1728 997 1766 tempore
1026 1723 1143 1756 Strabo
1170 1723 1295 1768 singula
1318 1724 1434 1758 itinera
1463 1723 1586 1757 fecerit.
1632 1724 1680 1756 Ac

151 1768 290 1804 breviter
313 1772 437 1803 tantum
461 1767 565 1813 prima
586 1767 655 1814 ejus
675 1767 793 1804 itinera
813 1769 1099 1804 commemoranda
1124 1773 1208 1811 sunt,
1235 1780 1309 1804 cum
1333 1770 1476 1805 incidant
1509 1770 1543 1804 in
1575 1769 1679 1813 ipsam

153 1815 328 1859 geographi
348 1815 544 1859 juventutem
570 1824 639 1855 nec,
666 1815 793 1858 quando
818 1816 897 1848 facta
923 1815 998 1859 sint,
1033 1820 1109 1859 post
1132 1815 1385 1850 Hasenmuelleri
1418 1815 1680 1850 dissertationem

154 1861 215 1895 ulla
239 1860 345 1905 possit
368 1860 448 1893 oriri
472 1860 661 1903 opinionum
696 1861 866 1894 dissensio.
913 1861 1059 1904 Septimo
1091 1861 1177 1894 enim
1218 1862 1332 1894 aetatis
1370 1872 1464 1902 anno,
1503 1861 1525 1895 i.
1550 1872 1577 1894 e.
1602 1871 1631 1894 a.
1653 1871 1681 1893 a.

155 1905 232 1942 Chr.
257 1916 288 1940 n.
311 1905 379 1940 fere
403 1908 468 1948 51„
489 1915 563 1940 eum
589 1905 717 1940 Amasia
741 1905 836 1941 Ponti
858 1905 976 1951 Nysam
993 1905 1105 1940 Cariae
1128 1906 1162 1941 in
1185 1906 1384 1941 Aristodemi
1407 1906 1516 1942 ludum
1541 1906 1680 1941 delatum

155 1963 228 1987 esse
247 1952 313 1997 jam
332 1956 461 1985 constat
471 1950 508 1992 ⁸).
553 1951 702 1985 Secundo
727 1952 840 1986 itinere
865 1952 980 1985 Strabo
1005 1953 1089 1996 Nysa
1112 1953 1248 1986 Romam
1265 1953 1366 1995 venit;
1391 1953 1423 1987 id
1446 1953 1532 1997 quod
1556 1956 1631 1987 ante
1652 1962 1680 1985 a.

155 2002 208 2033 44.
226 1998 343 2033 factum
367 1997 410 2032 sit
433 2008 567 2032 necesse
589 2003 649 2040 est,
674 2008 747 2032 cum
771 1999 973 2042 geographus
998 2009 1033 2032 se
1058 1999 1094 2033 P.
1113 1999 1281 2032 Servilium
1300 1999 1483 2040 isaurich
1505 2009 1601 2042 quem
1625 1998 1681 2031 illo

153 2054 238 2078 anno
265 2049 428 2077 mortuum
451 2053 523 2077 esse
546 2048 657 2077 notum
684 2048 740 2085 est,
759 2043 881 2080 yidisse
905 2048 1015 2078 narret
1029 2043 1066 2085 ⁹).
1089 2043 1178 2078 Haud
1203 2043 1297 2078 dubie
1321 2048 1425 2078 autem
1450 2049 1538 2078 recte
1557 2043 1681 2078 Hasen-

230 2188 264 2224 1)-
278 2187 423 2218 Strabone
456 2186 737 2225 Erdbeschreibnng
769 2188 826 2216 etc.
864 2186 966 2216 Berlin
1000 2186 1063 2215 und
1094 2186 1218 2217 stettin.
1243 2188 1399 2216 1831—34.
1438 2186 1520 2216 Einl.
1543 2189 1569 2222 ἓ.
1597 2188 1626 2221 6,
1651 2195 1681 2224 p.

152 2223 285 2256 xlmas.
323 2224 389 2254 Hae
420 2223 597 2255 Groslmrdii
628 2224 880 2268 commentatione
912 2224 1052 2254 nituntur
1083 2223 1231 2262 plurima,
1267 2232 1342 2262 quae
1373 2224 1518 2263 Forbiger
1549 2223 1681 2264 profert:

153 2262 324 2293 Handbuch
342 2262 396 2293 der
416 2262 501 2306 alten
514 2261 718 2306 ‚Geograplnffi
739 2262 794 2291 vol.
815 2262 840 2304 J.
861 2272 891 2300 p.
910 2264 975 2298 304,
995 2261 1062 2291 adn.
1085 2263 1130 2291 64.
1147 2297 1153 2305 .
1235 2298 1241 2305 ⁸

229 2301 259 2337 2)
279 2298 345 2331 Cfr.
364 2307 440 2338 quae
459 2298 538 2329 dmt
555 2298 604 2343 Ho
623 2307 679 2344 per
703 2307 750 2337 ap.
775 2298 1024 2329 Fnedemannum
1048 2314 1086 2320 -—
1107 2298 1180 2343 edit.
1212 2298 1348 2329 S1ebenk.
1374 2315 1410 2320 —
1436 2297 1599 2343 Tzschuck.
1610 2297 1681 2343 591.

153 2335 265 2412 {122⁰—
276 2347 329 2404 τρὶ
330 2340 388 2404 ²113
411 2336 565 2374 Xylander
588 2346 600 2366 1
621 2336 661 2365 ld.
686 2346 715 2374 p.
738 2339 772 2365 17
794 2337 825 2366 et
844 2339 894 2373 2¹³
919 2337 1112 2366 Casaubonns
1131 2336 1204 2365 1b1d.
1224 2345 1253 2373 p.
1274 2339 1326 2371 3²3
1352 2336 1389 2366 G.
1416 2337 1444 2366 J.
1464 2337 1589 2366 Vossius
1609 2336 1681 2366 ibid.

176 2398 182 2404 .
259 2383 276 2405 e
350 2396 358 2403 .

153 2411 259 2488 ¹²1„ng
279 2411 416 2479 ssgssmm
448 2410 485 2441 de
516 2410 651 2441 fontibus
683 2410 951 2449 geographicornm
986 2409 1144 2440 Strabonis
1177 2411 1444 2440 commentationes
1475 2411 1562 2440 duae.
1608 2410 1684 2440 Got-

228 2488 259 2521 4)
279 2485 342 2516 crr.
362 2485 435 2516 edit.
454 2485 591 2515 Kramer.
599 2485 706 2553 grues.
725 2494 758 2528 p..
773 2485 866 2529 VIII..

230 2523 259 2561 5)
278 2522 522 2590 Hasenmueller:
542 2522 580 2552 de
621 2523 698 2583 trag).
717 2531 818 2598 gepgrl.
838 2523 935 2590 utib-
949 2520 1080 2559 Bonae,
1101 2522 1182 2553 1863.

230 2560 335 2644 ἓξὲξ
374 2559 497 2629 ιΊωειἰιιῙι).
516 2559 647 2638 Flngp
669 2562 779 2629 247ss.'
800 2569 915 2628 Neptum
933 2607 998 2629 esse
1011 2597 1189 2628 Strabonem
1208 2597 1289 2628 circa
1308 2606 1334 2628 a.
1356 2607 1382 2629 a.
1403 2598 1473 2637 Chr.
1494 2607 1525 2627 n.
1546 2599 1583 2628 58
1604 2596 1685 2627 idem

154 2635 452 2711 Ρωὴέἶιξὺι.λ82έι·)ιἰ1>.
470 2673 491 2704 1.
511 2673 579 2704 XII.
600 2683 629 2712 p.
642 2676 695 2703 567
717 2673 802 2712 (edit.
821 2673 948 2704 Casaub.
961 2672 1059 2716 alter„
1076 2681 1168 2711 quam
1185 2681 1303 2712 semper
1322 2672 1503 2712 sequimur):
1527 2683 1541 2702 τ
1558 2673 1686 2701 ’Ἰσαυ-

155 2712 544 2787 ξῗᾷίἔιεοσιγορενθέηι
570 2712 716 2750 llo-apum
740 2712 905 2750 Σερβιλίᾳ,
933 2709 972 2741 ὃν
994 2711 1085 2750 ἡμεῖς
1111 2710 1247 2751 εἴδομεν.
1284 2710 1346 2742 Cfr.
1367 2712 1524 2750 praeterea
1625 2718 1688 2738 mn.

1386 2796 1424 2825 1*
