1856 2931
900 82 922 115 7

149 178 210 216 est,
232 172 386 208 docemur
408 171 471 206 alio
495 171 597 216 ipsius
620 172 734 211 Dionis
757 172 841 214 loco,
864 173 919 209 uhi
943 178 1114 219 postquam
1143 173 1261 208 bellum
1286 170 1514 215 Aethiopicum
1541 182 1569 205 a,
1594 182 1626 206 ιι.
1651 182 1680 205 e.

151 221 229 255 732.
252 233 298 247 ¹==
314 228 342 253 a.
358 217 435 252 Chr.
455 220 510 252 22.
534 224 661 262 gestum
687 229 760 253 esse
781 218 869 262 dixit,
898 220 978 255 haec
996 220 1108 255 addit:
1139 216 1177 254 ἐν
1207 211 1240 266 ᾦ
1269 214 1307 253 δὲ
1329 216 1441 252 ταῦτα
1471 214 1631 262 ἐγίγνετο,
1656 213 1679 252 ὁ

149 262 355 309 Αὔγουστος
385 260 421 302 ἐς
450 263 612 298 Σικελίαν
640 257 750 308 ἦλθεν
778 264 851 304 (Dio
876 265 950 307 Ltv,
981 267 1025 307 6).
1072 266 1166 310 Atqui
1198 265 1387 309 insequente
1418 264 1549 304 demum
1582 274 1679 303 anno,

148 312 170 344 i.
195 322 222 344 e.
246 321 275 344 a.
300 320 329 343 c.
355 312 421 343 733
445 324 491 335 =
514 320 543 343 a.
569 310 645 344 Chr.
670 320 702 343 n.
722 312 777 342 21.
797 309 971 353 Augustum
997 311 1039 351 inj
1048 311 1188 345 Siciliam
1207 310 1333 343 venisse
1357 309 1476 343 dudum
1491 313 1619 343 constat
1639 319 1678 343 ex

148 356 206 398 eis,
229 365 311 400 quae
334 354 394 389 Dio
418 354 487 399 ipse
511 365 586 390 mox
609 359 727 391 narrat.
767 354 837 389 Hoc
860 366 938 400 ergo
962 367 1115 402 apparere
1139 361 1227 401 puto,
1253 356 1399 400 Dionem,
1425 360 1462 390 ut
1479 355 1554 390 alibi
1572 355 1676 390 inter-

148 403 226 437 dum
246 401 364 436 erravit
381 400 416 443 1),
440 401 488 434 sic
512 401 552 435 de
576 401 776 445 expeditione
803 400 935 436 Arabica
967 403 1012 437 ita
1042 403 1216 444 rettulisse,
1252 408 1302 445 ut,
1336 412 1416 446 quae
1446 401 1540 441 dicit,
1570 401 1676 435 errori

148 447 239 482 facile
263 445 588 491 obnoxiaxvideantur
611 457 671 481 nec
695 457 753 491 per
775 456 811 480 se
835 447 994 482 sufficiant
1021 448 1062 482 ad
1085 447 1343 483 constituendum
1375 447 1462 482 illius
1493 446 1567 482 belli
1592 451 1677 482 tem-

147 505 216 539 puS.
263 494 330 529 Nec
353 492 455 537 magis
477 493 580 527 valent
602 493 641 528 ad
663 492 899 538 dijudicandam
921 494 1006 529 hanc
1028 495 1260 539 quaestionem,
1287 504 1367 538 quae
1389 494 1474 538 apud
1497 494 1676 538 Josephum

147 541 296 584 leguntur
317 556 356 563 -—
385 544 449 573 ant.
472 539 545 573 Jud.
570 540 631 582 XV,
658 543 688 582 9,
715 542 735 573 3
759 557 814 580 -,
838 550 1029 584 quamquam
1051 551 1118 573 non
1140 544 1215 573 sunt
1237 545 1359 573 temere
1383 539 1572 583 spernenda.
1613 539 1675 580 Qui

146 584 336 620 brevissime
359 583 400 618 de
424 584 628 629 expeditione
647 584 698 618 illa
721 584 802 618 baec
826 585 940 621 refert:
971 582 1049 629 περὶ
1080 581 1117 620 δὲ
1139 582 1202 620 τόν
1229 581 1358 630 χρόνον
1381 581 1533 625 ἐκεῖνον,
1560 584 1674 630 inquit,

146 628 205 666 καὶ
229 626 446 675 συμμαχικὸν
476 627 602 674 ἔπεμψε
622 649 668 655 -
693 630 763 665 scil.
802 630 947 665 Herodes
969 651 1016 657 --
1035 630 1189 677 Καίσαρι
1211 631 1459 671 πεντακοσίους
1481 627 1679 671 ἐπιλέκτους

148 676 221 712 τῶν
250 674 570 720 σωματοφυλάκων,
595 673 658 715 οὓς
684 672 817 715 Γάλλος
847 675 964 716 Αἴλιος
985 675 1061 720 περὶ
1084 674 1153 721 τὴν
1172 674 1350 720 Ἐρυθρὰν
1371 672 1561 711 θάλασσαν
1584 670 1677 721 ἦγεν,

148 722 195 762 εἰς
217 719 328 756 πολλὰ
359 721 547 766 χρησίμους
577 717 676 767 αὐτῷ
706 717 920 765 γενομένους.
959 723 1060 757 Antea
1083 728 1190 757 autem
1213 723 1312 756 refert
1335 722 1375 756 de
1399 723 1522 767 magnis
1545 722 1678 757 calami-

150 768 277 812 tatibus,
303 767 420 813 quibus
443 768 620 802 Palaestina
648 770 699 802 13.
724 771 757 801 et
784 770 835 801 14.
860 767 1036 803 Herodiani
1058 768 1149 813 regni
1174 769 1266 802 annis
1289 768 1405 802 afflicta
1428 773 1488 803 est.
1535 769 1677 810 Quarum

148 814 364 858 gravissimae,
390 814 466 847 fami
490 814 614 848 seilicet
637 813 773 850 maxime
796 812 942 854 terribili,
965 814 1008 847 ita
1039 814 1226 848 subvenisse
1250 825 1370 868 regem,
1403 819 1439 847 ut
1466 814 1500 847 in
1531 815 1675 893 Aegfflto

148 859 620 950 ffisslssogfflfflffifflssm
640 858 1310 939 333230520‘25351200223⁶³¹:2¹:3÷“stiffi
1333 855 1463 939 5:¹12?
1463 858 1592 939 QZ}
1624 855 1677 940 «ιιῖἷ

148 955 179 987 4.
205 962 308 986 mens,
333 951 435 996 April.
459 962 486 985 a.
512 962 542 985 ιι.
566 961 594 986 c.
621 953 697 985 729.
720 965 767 978 =
790 960 817 984 a.
842 949 919 985 Chr.
944 961 976 984 n.
1002 953 1068 995 25„
1093 951 1191 985 finem
1216 950 1319 995 quarti
1334 951 1449 985 decimi
1472 951 1524 985 die
1539 954 1571 985 3.
1589 951 1676 996 ejus—

147 998 221 1031 dem
244 996 366 1031 mensis
389 1007 416 1030 a.
440 1008 472 1030 u.
497 1007 525 1030 c.
551 1000 614 1031 731
642 1010 688 1024 =
710 1006 738 1029 a.
764 995 841 1029 Chr.
865 1005 897 1030 n.
922 998 985 1036 23;
1018 997 1076 1032 cfr.
1110 996 1274 1039 Wieseler,
1309 996 1498 1041 chronolog.
1530 997 1677 1041 Synopse

146 1043 205 1077 der
224 1046 245 1077 4
270 1043 386 1087 Evang.
411 1053 443 1087 p.
466 1045 613 1078 50—54.
661 1042 852 1076 Mommsen.
876 1041 896 1075 1.
920 1042 941 1077 l.
966 1052 995 1086 p.
1023 1045 1077 1078 73.

239 1089 284 1123 De
307 1088 362 1122 illo
383 1089 518 1133 Josephi
543 1089 616 1122 loco
639 1098 739 1132 agens
763 1088 986 1121 Mommsenus
1019 1088 1184 1132 „narratio
1216 1088 1296 1121 haec
1318 1086 1539 1131 bipertita“³)‚
1573 1088 1678 1132 inquit

146 1145 176 1178 p.
203 1137 267 1173 75„
290 1144 381 1175 „cum
406 1134 516 1177 priore
540 1139 631 1178 parte
654 1135 729 1177 (qua
753 1133 793 1166 de
817 1132 901 1166 same
923 1134 1106 1177 exponitur)
1125 1133 1356 1177 complectatur
1370 1143 1424 1166 res
1448 1133 1578 1177 biennii,
1604 1139 1676 1167 tan-

146 1184 214 1214 tum
239 1179 339 1220 abest,
370 1184 407 1213 ut
436 1179 579 1214 Petronii
609 1179 840 1224 praefecturam
871 1178 911 1212 ad
935 1189 964 1214 a.
996 1178 1151 1224 729l730.
1186 1179 1343 1220 retrahat,
1369 1183 1405 1213 ut
1431 1179 1527 1223 longe
1562 1180 1677 1214 melius

145 1226 314 1260 conveniat
337 1225 367 1259 ei
388 1226 473 1270 quod
498 1236 594 1270 supra
618 1225 785 1270 posuimus
808 1224 948 1268 tempori
971 1226 1074 1269 (putat
1098 1225 1262 1268 nimirum,
1293 1229 1329 1259 ut
1347 1225 1414 1269 jam
1437 1235 1676 1259 commemora·

146 1277 212 1305 tum
238 1275 297 1315 est,
323 1275 468 1305 extremo
492 1281 519 1305 a.
545 1274 621 1306 730.
670 1269 858 1305 Petronium
888 1270 1033 1315 Aegypto
1067 1271 1264 1316 praesectum
1298 1273 1399 1311 esse);
1435 1280 1509 1304 nam
1547 1271 1676 1305 misisse

144 1317 306 1352 Herodem
333 1317 366 1351 in
389 1317 566 1362 Aegyptum
595 1328 660 1352 non
687 1322 761 1362 post
784 1316 937 1360 priorem,
970 1317 1027 1351 sed
1051 1322 1127 1362 post
1150 1317 1281 1351 alteram
1305 1317 1436 1351 demum
1459 1327 1600 1351 messem
1624 1317 1675 1351 in-

144 1363 279 1407 felicem,
305 1363 325 1397 i.
349 1374 377 1398 e.
400 1369 476 1407 post
498 1368 654 1398 aestatem
677 1374 705 1398 a.
732 1365 818 1405 730„
849 1362 927 1395 satis
960 1368 1093 1407 apparet
1121 1373 1224 1407 eoque
1256 1363 1328 1406 ipso
1359 1369 1505 1407 tempore
1534 1363 1675 1397 amicum

144 1409 264 1443 Herodi
290 1409 479 1443 Petronium
504 1409 539 1443 in
563 1409 741 1454 Aegyptum
765 1407 890 1442 venisse
908 1408 1072 1453 Josephus
1097 1408 1160 1443 nisi
1177 1408 1264 1452 dicit,
1289 1413 1396 1442 tamen
1411 1409 1541 1443 indicat.
1579 1409 1676 1444 Redit

144 1459 250 1490 autem
276 1455 419 1499 scriptor
441 1461 518 1500 post
538 1455 758 1490 narrationem
781 1454 822 1488 de
850 1454 934 1488 fame.
957 1455 1079 1489 biennii
1102 1455 1282 1489 absolutam
1313 1455 1352 1489 ad
1384 1466 1437 1490 res
1461 1460 1568 1499 gestas
1598 1456 1673 1490 anni

145 1501 265 1546 prioris
289 1501 452 1546 missaque
476 1506 597 1536 aestate
620 1513 647 1536 a.
673 1504 749 1536 729.
772 1501 811 1534 ad
837 1500 961 1535 Gallum
981 1501 1154 1535 subsidia.“

235 1548 381 1589 Quorum
405 1548 481 1582 illud
506 1548 635 1593 quidem
660 1547 731 1582 sine
754 1546 852 1581 dubio
873 1557 983 1581 verum
1006 1552 1065 1591 est,
1088 1547 1250 1581 Herodem
1275 1557 1359 1581 anno
1375 1547 1506 1582 demum
1532 1550 1609 1582 730.
1632 1548 1673 1582 ad

143 1594 334 1628 Petronium
362 1594 407 1628 'de
436 1594 598 1629 frumento
628 1594 772 1635 misisse;
802 1593 954 1628 nonnulla
980 1598 1088 1628 tamen
1117 1593 1225 1627 minus
1255 1593 1403 1628 videntur
1432 1594 1672 1638 comprobanda

143 1650 224 1684 esse,
250 1640 278 1674 si
302 1650 339 1673 ea
362 1640 445 1674 bene
467 1640 692 1685 respiciuntur,
726 1649 806 1684 quae
830 1638 870 1672 de
895 1639 1153 1684 expeditionibus
1176 1649 1250 1673 cum
1274 1639 1408 1673 Arabica
1440 1645 1509 1674 tum
1536 1640 1672 1674 Aethio·
1729 1680 1737 1683 ³

141 1685 224 1730 picis
249 1685 366 1720 Strabo
390 1691 509 1729 narrat,
532 1686 627 1721 testis
651 1686 746 1730 longe
768 1684 1015 1729 copiosissimus
1037 1690 1071 1720 et
1095 1685 1376 1730 locupletissimus,
1400 1685 1519 1731 quippe
1543 1686 1673 1720 illorum

141 1732 273 1776 Aegypti
304 1732 539 1774 praefectorum
571 1743 638 1766 non
662 1732 768 1766 solum
801 1731 950 1775 aequalis,
981 1732 1038 1766 sed
1068 1732 1123 1776 qui
1152 1736 1317 1775 praeterea
1349 1731 1434 1765 circa
1465 1731 1571 1776 ipsum
1595 1732 1673 1766 illud

141 1782 278 1821 tempus,
304 1788 369 1822 quo
393 1778 613 1822 expeditiones
636 1779 737 1812 sactae
761 1781 844 1817 sunt,
869 1777 903 1810 in
928 1778 1071 1822 Aegypto
1094 1782 1238 1811 versatus
1263 1777 1321 1816 sit;
1358 1788 1462 1822 neque
1494 1777 1594 1811 ullum
1620 1783 1672 1812 est

141 1823 289 1863 dubium,
313 1823 390 1868 quin
414 1824 454 1858 ab
478 1824 551 1868 ipso
575 1824 667 1858 Aelio
690 1824 791 1866 Gallo,
816 1823 963 1857 familiari
989 1834 1057 1867 suo,
1083 1824 1125 1858 de
1148 1822 1244 1857 rebus
1264 1823 1296 1856 in
1308 1823 1422 1857 Arabia
1436 1823 1537 1867 gestis
1552 1823 1673 1857 certior

141 1870 245 1903 factus
270 1869 322 1910 sit,
353 1870 384 1902 id
409 1870 494 1913 quod
515 1870 583 1914 jam
608 1870 855 1904 schoenemann
880 1869 1048 1903 contendit
1059 1869 1096 1911 ⁴).
1128 1869 1211 1902 Hinc
1234 1869 1473 1902 accuratissima
1495 1869 1547 1902 illa
1571 1868 1672 1902 totius

141 1914 353 1958 expeditionis
384 1915 563 1955 enarrati03
600 1915 677 1949 hinc
699 1914 833 1948 ridicula
857 1914 897 1948 de
922 1924 1057 1948 numero
1082 1913 1221 1948 militum
1243 1913 1282 1947 ab
1310 1913 1458 1947 hostibus
1489 1914 1672 1948 occisorum

140 1960 386 2006 vaniloquentia,
417 1971 497 2005 quae
521 1972 598 1996 sane
623 1972 689 1995 non
713 1959 882 1995 Strabonis
905 1965 964 2004 est,
999 1961 1055 1995 sed
1080 1960 1159 1994 Aelii
1193 1960 1288 2002 Galli3
1319 1960 1392 1994 hinc
1421 1960 1563 1994 studium
1594 1960 1671 1994 illud

141 2017 281 2050 errores,
307 2018 389 2051 quos
414 2007 538 2041 Gallum
569 2007 774 2041 commisisse
797 2006 900 2051 quivis
929 2007 1020 2041 facile
1044 2005 1209 2050 intellegit,
1244 2006 1269 2039 si
1294 2016 1361 2039 non
1386 2006 1533 2050 negandi,
1556 2011 1589 2040 at
1611 2006 1671 2040 ali-

141 2053 329 2097 quantulum
353 2054 478 2097 tegendi
504 2058 536 2087 et
561 2053 755 2088 occultandi:
780 2063 973 2098 quamquam
998 2064 1073 2088 cave
1095 2056 1187 2097 putes
1210 2052 1401 2087 Strabonem
1425 2053 1480 2087 illo
1506 2053 1613 2087 studio
1636 2058 1672 2087 ut

141 2099 309 2134 veritatem
333 2099 468 2134 violaret
491 2104 691 2134 commotum
715 2110 796 2134 esse.
843 2100 906 2134 Sed
932 2099 1058 2133 etiamsi
1089 2099 1166 2133 falsa
1195 2104 1318 2139 essent,
1350 2109 1430 2143 quae
1464 2099 1563 2133 modo
1587 2099 1671 2133 dicta

140 2149 224 2186 sunt,
253 2147 281 2179 si
316 2156 424 2180 revera
460 2146 558 2190 igitur
589 2146 793 2191 geographus
822 2146 1026 2180 familiaritati
1058 2146 1130 2190 plus
1160 2156 1260 2189 aequo
1290 2145 1476 2179 indulsisset
1499 2150 1531 2179 et
1558 2145 1671 2190 Syllaei

141 2192 250 2235 potius
274 2192 427 2236 perfidiae
451 2192 618 2227 tribuisset
642 2193 728 2237 quod
752 2191 862 2226 debuit
877 2192 1013 2226 inertiae
1029 2192 1109 2226 Galli
1124 2191 1265 2225 tribuere
1277 2191 1317 2233 ⁵):
1342 2195 1428 2225 esset
1449 2196 1557 2225 tamen
1577 2191 1672 2236 hujus

218 2338 246 2375 1)
267 2337 322 2369 cfr.
342 2337 378 2368 R.
399 2336 560 2368 Wilmans:
588 2337 626 2368 de
644 2337 735 2368 fontt.
764 2338 796 2368 et
814 2337 996 2368 auctoritate
1020 2337 1126 2368 Dionis
1146 2336 1252 2368 Cassii.
1290 2335 1387 2366 BeroL
1414 2338 1496 2370 1835.
1545 2336 1672 2367 Momm-

141 2383 192 2459 ἴω
212 2375 285 2451 1{lle
298 2376 411 2444 rpsssf
427 2376 490 2443 gt.
511 2411 582 2443 Jud.
601 2411 667 2449 XV,
687 2416 715 2447 9,
737 2414 768 2443 1:
800 2412 880 2443 κατὰ
907 2415 1018 2455 τοῦτον
1037 2437 1044 2444 .
1060 2437 1066 2443 .
1083 2437 1090 2443 .
1105 2436 1113 2444 .
1133 2412 1190 2458 [ὸν
1222 2410 1376 2459 ἒζιαυτόν,
1412 2411 1673 2451 τρισκαιδέκατον

137 2461 218 2480 οντα
237 2453 291 2487 τῆς
310 2450 455 2488 Ἡρώδου
472 2452 641 2488 βασιλείας,
661 2449 754 2488 πάθη
771 2453 907 2491 μέγιστα
932 2452 987 2481 etc.
1011 2474 1018 2481 .
1030 2475 1037 2482 .
1053 2474 1060 2481 .
1076 2473 1083 2480 .
1102 2450 1224 2489 μαλλον
1242 2461 1266 2495 η’
1280 2449 1360 2479 κατὰ
1384 2449 1580 2488 προσδοκίαν
1600 2450 1671 2480 ἔπι-

139 2489 295 2523 τείνοντος
323 2491 375 2518 wi]
401 2490 508 2525 κακοῦ,
539 2489 592 2517 καὶ
625 2487 700 2519 οὐδὲ
728 2488 795 2518 κατ’
830 2488 948 2519 ἐκεῖνον
969 2488 1026 2519 τὸν
1052 2487 1200 2534 ἐνιαυτὸν
1221 2496 1323 2534 μονον
1344 2509 1375 2535 3.
1389 2510 1417 2517 ..
1436 2487 1518 2525 μηδὲ
1541 2487 1576 2517 τὸ
1597 2487 1672 2519 δεύ-

138 2535 230 2574 τερον
254 2525 380 2563 ἀνείσης
404 2528 458 2564 τῆς
481 2528 547 2564 γῆς.
584 2525 649 2563 XV,
671 2528 699 2562 9,
719 2527 751 2557 2:
782 2525 907 2566 ἔπεμπε
934 2525 1016 2556 δ’ἔπ’
1040 2527 1206 2564 Αἰγυπτου
1233 2536 1271 2555 ια
1291 2535 1455 2564 χρηματα,
1488 2528 1672 2565 Πετρωνίου

213 2562 375 2675 ξῖςεὲίις
391 2562 836 2632 {53253‘32033223'3-12ff'0‘2

173 2713 179 2721 .
213 2640 243 2714 ἓ)
262 2638 338 2707 ffirhi
352 2638 495 2716 {lgildteffl
513 2638 714 2722 eelnbbchvfitx·
733 2637 1654 2722 ἓοιιΚοσῖἓέιξῇἓιηεξῗὲξῦαξ-ἦοῗῦειέξιλΑΡι-Ῑιζοδὲιίἱῗῖιιιῗῗίιιωιᾞ
1656 2687 1673 2708 e

138 2713 230 2744 fnisse
248 2715 402 2745 versutum
421 2723 457 2745 ac
478 2715 592 2782 malffin
614 2724 654 2752 m,
674 2723 693 2744 a
711 2723 770 2753 quo
784 2723 883 2759 *cmm
904 2715 983 2745 esset
1002 2699 1176 2749 cavendum,
1196 2723 1265 2744 eum
1296 2723 1331 2744 ex
1359 2723 1402 2744 els
1426 2723 1465 2782 a}
1489 2716 1569 2751 aret,
1594 2724 1672 2754 qnae

138 2750 247 2782 Strabo
267 2753 373 2791 postea
389 2751 426 2782 de
445 2760 480 2782 eo
500 2751 540 2782 ad
571 2753 600 2788 t,
625 2753 693 2782 tum
712 2761 748 2782 ex
766 2761 818 2789 eis,
846 2761 921 2821 {paq
939 2751 1088 2820 Joseffins
1114 2753 1220 2783 narrat
1239 2753 1301 2782 ant.
1340 2751 1409 2783 Jud.
1508 2776 1516 2788 ,
1538 2755 1565 2790 7,
1585 2755 1603 2782 6
1610 2764 1618 2788 ;
1643 2756 1671 2788 9,

140 2789 184 2823 10.
204 2789 265 2826 Cfr.
290 2789 425 2830 Krueger
447 2789 469 2825 1.
494 2789 515 2821 l.
538 2799 588 2834 pp.
612 2792 653 2826 16,
667 2792 710 2827 17,
725 2792 770 2830 33,
782 2792 828 2825 41.
852 2823 855 2826 ,
880 2789 999 2826 envale,
1015 2823 1018 2826 Δ
1060 2791 1128 2833 tory
1139 2789 1170 2821 of
1179 2789 1231 2821 the
1243 2790 1374 2823 Romans
1388 2790 1445 2823 etc.
1464 2790 1518 2826 lv,
1532 2800 1560 2831 p.
1577 2793 1669 2822 156.s.
