1856 2931
796 432 1063 524 VITA(

248 610 441 646 Franciscus
464 611 619 646 Martinus
649 612 822 647 Schroeter
852 617 944 647 natus
977 623 1048 647 sum
1073 613 1106 646 in
1132 613 1202 647 vico
1227 624 1331 658 prope
1354 613 1496 658 Lipsiam
1522 612 1596 653 sito,
1630 611 1681 645 cui

153 663 348 703 nomen'est
372 667 554 705 Moeckern,
578 667 629 700 die
657 667 693 700 V.
720 677 823 702 mens.
848 667 942 700 Febr.
966 667 1214 714 nncccxtvl.
1261 668 1384 708 Quinto
1417 667 1544 701 decimo
1566 666 1681 700 aetatis

153 731 239 755 anno
263 721 394 755 scholae
417 720 601 764 provinciali
627 720 798 762 Grimensi,
822 732 902 766 quae
925 727 1001 755 tunc
1024 722 1173 755 Eduardo
1200 722 1362 755 Wundero
1387 727 1514 755 rectore
1537 720 1681 760 floreban

154 776 292 811 traditus
325 786 406 824 sum,
437 775 491 809 ubi
514 781 642 820 praeter
664 777 746 811 alios
777 777 949 820 magistros
974 776 1155 810 Bernardus
1180 776 1366 810 Aenotheus
1392 775 1511 818 Dinter,
1534 775 1583 809 vir
1606 785 1680 817 cum

155 830 300 865 doctrina
332 834 364 863 et
387 829 516 874 ingenio
540 835 608 864 tum
633 830 831 873 humanitate
855 835 887 864 et
917 831 1086 864 clementia
1101 831 1308 875 praecellens,
1331 830 1458 875 egregie
1481 829 1575 864 saluti
1592 840 1682 863 meae

154 885 244 921 omni
277 896 315 919 ex
344 890 433 930 parte
457 885 625 920 consuluit.
674 886 828 920 Absoluta
853 885 966 930 puerili
990 885 1195 920 institutione
1226 896 1253 920 a.
1279 884 1526 920 Muccchxvt.
1551 884 1585 918 in
1609 894 1682 918 aca-

155 941 294 976 demiam
320 940 521 985 Lipsiensem
549 952 602 975 me
625 940 756 975 contuli.
803 940 863 974 Hic
886 941 1027 986 primum
1052 941 1234 985 theologiae
1258 951 1389 985 operam
1415 940 1499 981 dedi,
1522 940 1580 974 sed
1606 949 1682 973 mox

152 996 192 1037 ad
225 996 432 1040 philologiam
465 1001 685 1039 transgressus
716 1006 789 1029 cum
812 996 947 1029 aliorum
972 1000 1037 1029 tum
1063 995 1189 1037 monii,
1219 996 1338 1039 Georgi
1363 995 1473 1035 Curtii,
1506 993 1682 1033 Ritschelii,

152 1050 311 1092 Zarnckii,
336 1050 497 1094 imprimis
521 1056 628 1085 tamen
653 1050 843 1085 Overbeckii
863 1051 992 1084 scholas
1013 1051 1230 1095 frequentavi3
1261 1049 1424 1084 seminarii
1448 1048 1682 1093 archaeoiogici

152 1105 261 1139 socius
284 1116 343 1149 per
363 1104 528 1140 biennium
553 1106 607 1139 fui.
655 1106 738 1139 Vere
760 1106 836 1138 anni
853 1102 1102 1139 MDCCCLXIX.
1127 1105 1249 1138 civibus
1262 1105 1443 1138 academiae
1461 1101 1681 1137 Beroiinedsis

151 1159 331 1203 adscriptus
355 1165 483 1203 praeter
506 1159 586 1193 alios
609 1159 852 1201 Kirchhoffium,
874 1159 1055 1203 Hauptium‚
1080 1158 1572 1203 Friederichsium,Ernesu1m
1597 1157 1680 1191 Cur-

150 1214 232 1249 tium
256 1214 361 1249 audivi
384 1220 479 1259 atque
503 1213 781 1249 exercitationibus
805 1213 969 1249 societatis
984 1214 1221 1258 archaelogicae
1236 1214 1376 1249 interfui.
1423 1212 1575 1247 Proximo
1594 1223 1680 1247 asino

150 1269 345 1303 Londinium
377 1270 541 1313 profectus
575 1280 633 1312 per
667 1269 831 1302 biennium
863 1270 929 1302 fere
960 1269 1130 1303 domestici
1163 1279 1257 1313 quem
1291 1268 1428 1302 dicimus
1460 1267 1680 1320 praeceptoris

150 1334 285 1358 munere
303 1324 430 1358 functus
452 1335 535 1359 sum.
582 1324 629 1357 Ac
659 1324 710 1357 vix
734 1333 872 1368 unquam
897 1325 1112 1366 revertissem‚
1144 1323 1208 1357 nisi
1231 1327 1323 1368 pater
1345 1333 1454 1364 meus,
1488 1321 1679 1366 gravissimo

150 1383 282 1424 repente
307 1379 444 1413 afflictus
468 1378 593 1421 morbo,
617 1384 653 1412 ut
675 1379 814 1412 redirem
840 1378 1023 1422 flagitasset.
1070 1379 1172 1420 Quem
1197 1378 1306 1412 statim
1330 1388 1479 1411 reversus
1496 1377 1679 1421 complures
1725 1393 1727 1395 ·

149 1444 209 1480 per
231 1445 361 1469 menses
386 1445 487 1480 usque
510 1434 550 1468 ad
572 1439 721 1475 mortem,
745 1444 826 1479 quae
849 1438 994 1478 exoptata
1017 1434 1103 1469 venit
1125 1434 1196 1469 seni
1213 1432 1431 1468 acerbissimis
1452 1432 1600 1469 ,cruciato
1617 1432 1678 1466 do-

149 1489 282 1532 loribus,
305 1501 341 1525 ea
366 1501 427 1535 qua
451 1501 509 1534 par
531 1483 596 1524 est'
604 1490 723 1534 pietate
741 1490 815 1523 fovi.

241 1546 323 1579 Tum
360 1546 476 1589 iterum
520 1545 647 1589 Lipsiae
683 1544 798 1578 litteris
839 1544 971 1577 studens
1008 1554 1067 1588 per
1105 1544 1180 1577 anui
1222 1545 1288 1577 fere
1329 1543 1466 1587 spatium
1500 1542 1677 1583 Rstschelii,

149 1599 314 1641 Zarnckii,
339 1599 514 1634 Ecksteinii
528 1626 536 1640 ‚
561 1599 690 1644 Langii,
729 1599 831 1632 Curtii
866 1598 1057 1632 lectionibus
1086 1599 1214 1632 interfui
1245 1609 1283 1632 ac
1317 1603 1467 1642 superato
1498 1597 1678 1641 superioris

149 1654 224 1689 anni
257 1665 371 1689 mense
394 1655 527 1689 Octobri
546 1655 721 1696 examine,
745 1654 830 1698 quod
861 1653 1012 1687 omnibus
1034 1653 1233 1687 subeundum
1266 1658 1336 1697 est,
1368 1653 1422 1697 qui
1447 1652 1676 1686 scholasticum

148 1719 266 1744 munus
290 1714 442 1754 appetere
467 1707 715 1755 constituerunt,
735 1708 838 1742 studia
863 1708 1056 1751 continuavi,
1080 1708 1183 1742 donec
1199 1708 1337 1741 ,ineunte
1361 1707 1424 1741 hoc
1453 1717 1538 1741 anno
1562 1717 1580 1740 a
1606 1716 1677 1739 ma-

149 1765 282 1809 gistratu
305 1764 465 1810 Lipsiensi
490 1764 710 1809 praeceptoris
734 1775 850 1798 munus
874 1764 954 1798 mihi
979 1764 1190 1798 commissum
1215 1767 1274 1797 est.

155 1818 157 1821 ⁴
241 1820 399 1854 Omnibus
422 1821 486 1854 illis
510 1820 595 1862 viris,
615 1820 669 1864 qui
693 1826 748 1853 aut
771 1820 889 1863 insigni
914 1819 1113 1853 humanitate
1137 1824 1169 1852 et
1191 1818 1377 1851 liberalitate
1399 1823 1451 1851 aut
1475 1816 1621 1851 doctrina
1644 1822 1678 1850 et

148 1875 285 1910 consilio
310 1885 362 1909 me
386 1875 580 1920 adjuvarunt,
604 1874 765 1919 imprimis
786 1874 921 1908 Dintero
945 1881 1040 1918 atque
1063 1872 1278 1914 Overbeckio‚
1312 1883 1348 1906 ex
1372 1873 1480 1906 animo
1500 1871 1618 1915 gratias
1644 1875 1678 1905 et

148 1941 209 1975 ago
233 1935 266 1965 et
287 1935 323 1965 ut
346 1930 481 1965 reddere
504 1929 674 1974 aliquando
698 1929 804 1975 aliquo
830 1929 927 1964 modo
951 1929 1076 1973 possim
1102 1934 1191 1973 opto.
