1856 2931
909 51 931 86 6

154 140 303 174 ordinem
324 141 511 175 nominasse
534 146 654 183 censet,
678 146 766 176 certe
778 151 891 177 causas
906 142 1003 187 hujus
1017 141 1194 176 sententiae
1211 141 1322 177 debuit
1336 142 1462 177 afferre.
1485 142 1685 196 Quamquam

154 197 220 220 non
238 191 298 227 est,
322 187 409 232 quod
425 187 527 222 nullas
540 187 647 222 afferri
662 188 835 222 miremur.
857 188 906 222 vix
922 188 1009 222 enim
1026 188 1123 222 ullam
1134 189 1255 233 possis,
1279 187 1407 222 etiamsi
1423 188 1510 228 vetis,
1533 187 1686 241 reperire.

154 232 274 266 Contra
299 238 383 273 sunt,
407 232 435 266 si
455 237 558 268 totam
582 233 668 268 illius
687 234 753 268 loci
769 233 907 278 respicis
927 234 1097 274 rationem,
1121 244 1202 279 quae
1225 233 1445 288 geograpbum
1468 232 1513 267 ibi
1528 233 1687 278 temporis

154 277 303 311 ordinem
327 279 377 312 vol
409 278 516 312 dedita
541 289 638 322 opera
664 290 810 313 servasse
833 280 984 313 indicent.
1033 279 1196 322 Exemplis
1217 279 1303 313 enim
1325 278 1520 323 probaturus
1543 283 1686 312 mentem

154 333 226 356 cum
252 323 479 368 Aegyptiorum
504 329 573 358 tum
593 324 801 358 finitimarum
814 324 958 369 gentium
974 324 1108 359 minime
1123 335 1195 358 esse
1216 324 1409 363 bellicosam,
1433 334 1488 358 res
1500 322 1579 358 abA
1641 327 1686 369 pti

153 369 324 426 praefectis
350 374 461 404 contra
493 370 556 405 hos
585 371 723 416 populos
752 377 859 414 gestas
886 376 1129 412 commemorat,
1152 371 1195 405 ita
1219 376 1255 405 ut
1278 371 1376 405 dicat:
1410 368 1543 411 Γάλλος
1619 380 1687 414 ’γε

156 412 373 470 Κορνήλιος,
407 411 427 448 ὁ
450 416 619 459 πρῶτος.
718 413 866 460 ἔπαρχος
887 416 950 461 τῆς
971 413 1085 461 χώρας
1098 422 1157 450 etc.
1187 413 1383 459 Hereditatis
1404 427 1440 451 τε
1463 413 1611 461 ὕστερον
1625 420 1686 451 etc.

157 458 290 502 Γάλλος
315 472 350 496 τε
373 460 494 503 Αἴλιος
517 467 578 497 etc.
603 467 635 497 et
657 462 773 497 deinde
797 463 1007 508 Aethiopicos
1030 468 1160 498 enarret
1178 463 1319 498 Petronii
1343 463 1574 517 expeditiones.
1613 462 1687 502 Cur,

155 519 284 553 quaero,
309 509 390 542 facta
415 510 515 543 semel
539 509 681 543 Petronii
704 510 854 553 praefecti
879 509 1202 551 commemoratione,
1225 520 1290 543 non
1311 510 1420 544 statim
1438 509 1555 562 adjecit
1573 509 1685 542 barum

154 554 393 598 expeditionum
418 555 459 588 ab
482 555 598 588 eodem
624 556 776 588 factarum
801 555 1029 595 narrationem,
1052 556 1243 600 praesertim
1261 565 1333 589 cum
1356 556 1405 588 eis
1428 560 1461 589 et
1485 554 1565 599 ipsis
1589 563 1691 599 quau:v

154 599 300 634 imbelles
329 604 441 634 essent
471 601 579 654 populi
610 601 754 645 Aegypto
786 600 915 637 finitimi
948 600 1156 645 apparuerit?
1202 602 1265 635 Aut
1286 611 1344 635 cur
1374 611 1438 635 non
1463 601 1590 635 Aetium
1613 604 1688 634 ante

154 646 342 680 Petronium
368 646 561 687 nominavit,
587 647 631 680 ita
657 652 692 680 ut
724 657 789 680 uno
817 651 930 680 tenore
954 657 1007 680 res
1030 647 1071 680 ab
1094 648 1158 680 hoc
1182 651 1292 691 gestae
1314 645 1575 691 exponerentur?
1621 646 1686 680 Cur

154 691 292 735 denique
315 692 368 724 illa
391 692 485 725 verba
509 692 648 725 addidit.
673 689 693 725 ὁ
714 691 853 734 πρῶτος
877 697 937 725 etc.
962 698 995 725 et
1009 689 1179 734 fioteoov?
1204 693 1292 733 Quae
1312 692 1419 725 omnia
1438 702 1515 725 sane
1528 691 1686 742 ejusmodi

154 742 239 776 sunt,
272 741 308 770 ut
332 737 416 770 haud
446 738 546 771 sciam
569 748 610 771 an
631 738 703 783 Jure
733 737 805 782 quis
828 737 1020 771 Strabonem
1055 738 1100 771 vel
1134 738 1242 772 dedita
1275 747 1372 782 opera
1403 737 1435 771 in
1461 736 1687 771 enumerandis

154 782 220 817 illis
244 783 378 828 Aegypti
402 784 573 827 praefectis
598 784 756 828 temporis
782 784 940 818 rationem
966 784 1116 818 habuisse
1140 783 1352 818 contenderit.

247 829 390 872 Pergens
414 829 636 863 Mommsenus
659 834 842 873 „praeterea
866 830 994 862 autem“
995 829 1140 873 ‚inquit,
1159 839 1258 873 „quae
1281 829 1452 862 traduntur
1476 828 1539 862 boc
1561 833 1686 861 tantum

155 874 332 907 ostendunt
355 874 551 918 praefectum
577 874 764 908 Petronium
789 875 888 908 fuisse
912 885 971 918 per
994 885 1022 909 a.
1049 877 1124 909 731.
1152 877 1225 909 732.
1275 875 1370 908 Vacat
1392 873 1489 918 igitur
1512 873 1687 908 triennium

155 925 261 953 totum
281 930 308 954 a.
333 923 527 961 728-730,
551 921 635 965 quod
659 920 831 954 commode
854 920 949 954 tribui
975 925 1083 964 potest
1104 921 1265 965 praefecto
1290 920 1324 955 C.
1348 920 1438 954 Aelio
1464 920 1562 958 Gallo,
1587 919 1630 954 ita
1654 923 1689 953 ut

155 967 189 999 in
210 966 329 1000 -Arabia
356 971 500 1000 moratus
524 966 567 1000 sit
592 977 650 1010 per
672 967 888 1010 posteriorem
906 971 1029 1010 partem
1054 967 1130 1000 anni
1157 969 1221 1000 729
1236 966 1442 1010 prioremque
1464 977 1491 1000 a.
1511 968 1576 999 730
1601 965 1688 1006 (hie-

156 1011 253 1045 mavit
283 1012 369 1045 enim
403 1012 605 1046 Leucecome
641 1017 674 1045 et
706 1022 824 1045 annum
849 1012 897 1045 vel
933 1012 1038 1056 paullo
1062 1012 1133 1056 plus
1167 1012 1200 1045 in
1226 1011 1426 1056 expeditione
1465 1011 1688 1056 consumpsit),

155 1057 284 1092 rediens
309 1058 384 1092 inde
406 1058 524 1099 statim,
549 1058 570 1092 i.
595 1069 621 1093 e.
645 1062 789 1092 extremo
813 1070 841 1092 a.
857 1060 922 1092 730
942 1069 1162 1092 successorem
1179 1058 1348 1102 acceperit,
1372 1063 1408 1092 ut
1423 1068 1483 1102 par
1499 1063 1569 1092 erat
1591 1057 1687 1092 rebus

155 1104 326 1137 infeliciter
347 1104 478 1146 gestisf·

250 1150 380 1182 Vacaret
406 1159 483 1183 sane
507 1153 611 1183 totum
641 1149 717 1182 illud
745 1149 917 1182 triennium
949 1154 983 1182 et
1006 1149 1178 1183 commode
1202 1154 1314 1193 posset
1347 1149 1445 1183 tribui
1473 1148 1563 1182 Aelio
1588 1148 1688 1189 Gallo,

85 1229 88 1232 Α
155 1195 218 1228 11ἰεί
243 1195 303 1228 hac
327 1195 361 1228 in
385 1206 421 1229 re
445 1195 576 1228 humani
602 1195 677 1239 quid
702 1195 764 1239 ipsi
790 1196 994 1229 Mommseno
1018 1195 1195 1228 accidisset.
1228 1196 1372 1229 Primum
1397 1195 1483 1229 enim
1505 1194 1590 1228 miro
1614 1204 1687 1227 cum

155 1251 266 1274 errore
302 1241 367 1274 hoc
406 1245 530 1274 tantum
570 1241 649 1274 dicit
686 1252 703 1272 e
739 1240 881 1274 fontibus
916 1246 1084 1280 constare,
1127 1240 1312 1274 Petronium
1349 1251 1407 1285 per
1436 1251 1463 1274 a.
1500 1243 1575 1274 731.
1611 1242 1686 1280 732,

155 1286 351 1330 praefectum
384 1286 499 1327 fuisse,
530 1296 602 1320 cum
635 1286 704 1330 ipse
738 1287 832 1331 paulo
857 1291 946 1330 post,
981 1290 1016 1320 ut
1040 1297 1113 1320 mox
1143 1285 1340 1331 videbimus,
1373 1286 1505 1330 Josephi
1537 1285 1688 1332 testimo-

154 1332 244 1366 nium
275 1332 402 1373 afferat,
436 1343 500 1376 quo
536 1332 723 1366 Petronium
751 1333 817 1377 jam
847 1342 875 1366 a.
914 1335 988 1366 730.
1024 1333 1222 1376 praefectura
1264 1333 1407 1366 functum
1451 1342 1524 1366 esse
1564 1336 1687 1365 certum

155 1379 200 1411 fit.
249 1379 333 1412 Num
362 1383 527 1421 praeterea
557 1378 645 1416 inde,
681 1379 766 1422 quod
793 1378 963 1411 Petronius
995 1388 1053 1422 per
1084 1388 1111 1412 a.
1138 1380 1214 1412 731.
1247 1383 1279 1411 et
1313 1380 1378 1412 732
1408 1378 1587 1422 praefectus
1621 1377 1689 1418 fuit,

156 1424 310 1469 sequitur,
342 1434 416 1457 eum
442 1433 507 1457 non
529 1428 622 1457 antea
643 1423 709 1468 jam
736 1424 820 1457 hanc
842 1423 1030 1468 dignitatem
1056 1422 1261 1457 obtinuisse?
1293 1424 1327 1458 ld
1353 1424 1439 1468 quod
1465 1429 1533 1457 tum
1557 1423 1688 1457 demum

155 1470 336 1514 negandum
361 1474 456 1513 esset,
483 1469 511 1503 si
530 1474 620 1503 certo
645 1470 761 1503 veteris
784 1469 915 1514 aliquus
939 1470 1111 1513 scriptoris
1128 1469 1314 1504 testimonio
1332 1473 1503 1510 constaret,
1528 1479 1610 1503 eum
1623 1479 1688 1502 uon

155 1521 229 1549 ante
252 1526 280 1550 a.
307 1518 384 1550 731.
410 1497 640 1559 praefecturam
665 1516 863 1559 suscepisse:
899 1525 960 1560 qua
984 1520 1092 1549 tamen
1123 1515 1162 1548 de
1192 1525 1227 1548 re
1257 1521 1382 1549 veteres
1414 1515 1459 1549 nil
1489 1514 1687 1548 rettulerunt.

251 1561 314 1595 Sed
338 1566 374 1595 ut
399 1566 498 1594 totam
528 1560 568 1594 de
600 1561 817 1605 praefecturae
846 1561 931 1595 illius
958 1565 1104 1605 tempore
1129 1561 1349 1614 quaestionem
1373 1561 1412 1595 ad
1438 1565 1561 1595 certum
1585 1579 1631 1585 -—
1655 1565 1689 1594 ut

157 1607 237 1642 mihi
261 1607 387 1641 videtur
409 1626 456 1632 —
477 1607 575 1641 finem
601 1607 831 1660 perducamus,
861 1607 994 1641 Arabica
1018 1607 1069 1640 illa
1093 1607 1253 1651 expeditio
1278 1607 1478 1651 respicienda
1505 1613 1569 1648 est,
1594 1616 1687 1659 quam

156 1653 261 1696 ipsum
283 1653 368 1686 hunc
392 1653 525 1693 Gallum,
550 1653 590 1685 de
614 1663 677 1705 quo
698 1653 812 1696 agitur,
835 1653 982 1686 Caesaris
1006 1652 1139 1697 Augusti
1161 1653 1252 1697 jussu
1281 1653 1396 1687 fecisse
1418 1657 1554 1686 constat.
1590 1651 1688 1697 Cujus

156 1699 371 1743 expeditionis
404 1699 444 1732 de
468 1703 615 1743 tempore
648 1699 688 1732 ita
715 1699 910 1733 dissentiunt
943 1699 1000 1732 viri
1025 1698 1121 1740 docti,
1156 1704 1190 1732 ut
1213 1699 1304 1733 alteri
1320 1699 1356 1740 ¹).
1403 1698 1525 1732 Gallum
1551 1708 1636 1732 anno
1660 1709 1687 1731 a.

156 1746 231 1778 Chr.
256 1756 287 1778 n.
313 1747 366 1778 24.
390 1759 437 1772 =
459 1755 490 1778 u.
515 1755 543 1779 c.
570 1748 654 1784 730,
692 1745 782 1778 alteri
795 1745 822 1785 ²)
853 1755 937 1778 anno
970 1745 1179 1778 antecedente
1203 1745 1236 1778 in
1260 1745 1379 1779 bellum
1411 1745 1590 1788 profectum
1616 1754 1688 1778 esse

176 1796 275 1825 utent.

100 1858 102 1861 v
154 1802 174 1835 p
248 1837 452 1870 Rettuterunt
482 1836 533 1870 illa
564 1837 604 1869 de
634 1836 837 1880 expeditione
868 1840 995 1879 praeter
1025 1836 1218 1879 Josephum,
1254 1836 1306 1880 qui
1342 1835 1531 1869 brevissime
1562 1839 1686 1869 tantum

96 1881 101 1905 ·¹
155 1893 225 1915 eam
246 1887 480 1915 commemorat
503 1902 537 1907 —-
557 1886 622 1915 ant.
641 1881 703 1914 Jud
728 1882 790 1921 XV,
815 1884 847 1924 9,
874 1885 893 1915 3
908 1901 963 1923 -,
987 1892 1060 1915 cum
1080 1881 1202 1914 Plinius
1225 1899 1272 1904 —
1295 1886 1358 1914 nat.
1371 1881 1445 1914 hist.
1455 1882 1504 1920 vl,
1532 1884 1687 1915 160⁸-

98 1930 101 1935 ’
156 1932 223 1961 tum
248 1925 378 1961 Cassius
404 1927 462 1960 Dio
488 1945 532 1950 —
559 1927 637 1970 Llll,
664 1929 707 1961 29
732 1945 793 1966 —‚
819 1927 912 1971 longe
947 1932 1052 1961 tamen
1085 1926 1324 1960 accuratissime
1354 1926 1471 1961 Strabo
1496 1945 1541 1951 --
1564 1927 1584 1960 Ι.
1608 1926 1688 1967 xvi,

155 1985 186 2017 p.
213 1976 323 2007 780.s.
348 1984 409 2008 —:
442 1973 535 2007 Plinii
566 1977 672 2006 autem
704 1973 925 2007 testimonium
950 1984 1024 2006 cum
1057 1973 1101 2006 nil
1130 1973 1223 2006 faciat
1246 1973 1285 2006 ad
1317 1977 1444 2016 tempus
1474 1973 1688 2017 expeditionis

155 2021 336 2053 accuratius
361 2019 587 2058 definiendum,
613 2019 672 2051 hac
697 2019 826 2063 quidem
852 2019 884 2052 in
910 2019 1098 2063 quaestione
1123 2019 1335 2052 omittendum
1352 2023 1412 2052 est.
1451 2019 1510 2052 Dio
1528 2018 1626 2063 igitur
1641 2037 1689 2043 -

155 2070 191 2099 ut
215 2065 291 2099 hinc
320 2065 525 2099 exordiamur
549 2084 591 2089 —
618 2065 853 2109 expeditionem
879 2065 1046 2099 Arabicam
1070 2065 1109 2098 ad
1134 2065 1295 2099 decimum
1327 2065 1463 2108 Augusti
1487 2066 1687 2099 consulatum

157 2113 265 2153 refert,
290 2113 310 2145 i
335 2123 361 2144 e.
386 2112 424 2145 ad
448 2123 475 2145 a.
501 2122 530 2145 u.
558 2122 584 2145 c
609 2114 673 2145 730
698 2125 745 2140 ---
768 2122 794 2144 3.
827 2112 902 2145 Chr.
928 2122 959 2145 n.
985 2114 1047 2152 24.,
1071 2111 1115 2145 ita
1141 2117 1255 2152 tamen,
1285 2116 1328 2151 ut,
1358 2116 1529 2164 postquam
1553 2112 1594 2145 de
1616 2112 1688 2145 aliis

156 2158 255 2191 rebus
296 2165 364 2191 tum
394 2157 494 2201 gestis
526 2157 663 2198 rettulit,
702 2157 787 2191 illius
819 2157 1031 2213 expeditionis
1063 2157 1280 2190 narrationem
1315 2157 1367 2191 his
1402 2157 1545 2213 incipiat
1567 2157 1687 2191 verbis·

156 2201 194 2237 ἐν
230 2215 259 2250 ῳ
293 2200 330 2237 δὲ
365 2203 475 2236 ταῦτα
513 2200 682 2246 ἐγίγνετο,
721 2200 782 2236 καὶ
817 2200 902 2246 ἄλλη
941 2214 993 2243 τις
1026 2202 1181 2246 στρατεία
1222 2199 1323 2247 καινὴ
1364 2199 1476 2247 ἀρχὴν
1521 2200 1594 2247 ἅμα
1628 2202 1687 2237 καὶ

155 2238 251 2289 τέλος
274 2247 371 2294 ἔσχεν
394 2268 441 2273 -
464 2249 550 2293 gravi
577 2249 603 2283 si
629 2249 704 2293 quid
730 2249 822 2283 video
847 2260 921 2283 cum
952 2260 1080 2290 errore,
1104 2259 1232 2293 gravem
1261 2255 1349 2283 certe
1379 2249 1499 2294 absque
1529 2248 1686 2284 Strabone

156 2302 243 2330 esset
267 2306 412 2330 errorem
439 2305 573 2329 movens
589 2295 684 2336 hunc,
709 2295 795 2339 quod
811 2295 991 2339 quicunque
1015 2295 1067 2328 illa
1091 2295 1183 2329 verba
1207 2295 1320 2339 legerit
1335 2305 1401 2329 non
1420 2295 1584 2337 dubitabit,
1608 2296 1686 2340 quin

156 2353 238 2376 nova
262 2342 314 2376 illa
339 2342 500 2386 expeditio
524 2352 624 2374 unum
648 2341 732 2374 intra
756 2351 875 2374 annum
899 2346 1028 2385 peracta
1057 2341 1115 2383 sit3
1148 2346 1181 2375 at
1213 2341 1377 2375 biennium
1407 2352 1521 2386 paene,
1552 2352 1618 2376 non
1641 2359 1688 2366 —-

154 2393 191 2422 ut
205 2388 427 2423 Mommsenus
442 2387 520 2425 dicit
535 2406 577 2411 —
589 2397 729 2428 „annum
745 2387 793 2421 vel
810 2387 915 2431 paullo
940 2387 1031 2431 plus“
1054 2387 1087 2421 in
1112 2398 1148 2421 ea
1172 2392 1405 2433 consumptum·
1417 2398 1488 2423 esse
1508 2398 1583 2422 mox
1598 2387 1687 2423 vide·

155 2435 272 2469 bimus.

250 2481 354 2515 Porro
379 2481 424 2515 nil
449 2480 582 2515 omnino
607 2480 720 2514 Dionis
745 2480 778 2513 in
803 2480 908 2514 verbis
933 2479 1031 2519 inest,
1062 2491 1125 2525 quo
1150 2491 1312 2524 cogamur,
1343 2485 1379 2514 ut
1402 2480 1528 2515 decimo
1551 2480 1687 2525 Augusti

155 2528 325 2561 consulatu
348 2528 472 2561 Aelium
496 2527 621 2561 Gallum
646 2527 679 2560 in
713 2526 829 2560 bellum
853 2526 1043 2582 profectum³
1061 2537 1133 2561 esse
1163 2537 1369 2561 censeamus:
1400 2527 1432 2561 id
1464 2527 1549 2572 quod
1580 2527 1686 2571 magni

157 2578 233 2618 puto
259 2574 416 2608 momenti
443 2585 524 2607 esse.
578 2573 653 2606 Istis
683 2572 769 2606 enim
795 2572 900 2606 verbis
923 2599 940 2614 „
949 2568 989 2606 ἐν
1014 2565 1047 2618 ᾦ
1066 2569 1103 2606 δὲ
1125 2572 1235 2607 ταῦτα
1258 2570 1429 2617 «ἐγίγνετοιι
1452 2584 1469 2606 3
1494 2573 1597 2607 Dione
1620 2583 1686 2607 non

156 2631 287 2665 semper
310 2620 575 2654 constantissime
600 2630 673 2653 eum
698 2618 871 2663 significari
895 2630 1027 2660 annum,
1053 2619 1107 2664 qui
1125 2619 1271 2664 proxime
1295 2624 1387 2654 antea
1411 2623 1687 2654 commemoratus

238 2693 262 2729 ι)
284 2692 400 2722 Horum
419 2701 435 2722 e
454 2700 577 2722 numero
598 2691 652 2722 cfr.
674 2700 698 2722 e.
720 2700 742 2721 c.
766 2691 872 2721 Grosk.
898 2691 992 2758 ιίιιιοί.
1016 2701 1067 2730 pp.
1087 2691 1178 2727 XIII,
1203 2691 1296 2721 XXV.
1335 2691 1452 2726 Hoeek,
1478 2693 1553 2721 rom.
1578 2690 1685 2722 Gesch.

159 2732 232 2760 tom.
236 2730 275 2780 .¹·
318 2731 376 2759 art.
398 2730 424 2759 Ι.
495 2731 559 2759 360.
597 2729 636 2759 Η.
656 2728 805 2766 Krneger:
827 2729 887 2759 Der
931 2729 1040 2767 eldzug
1060 2729 1112 2758 des
1131 2728 1236 2758 Aelius
1255 2728 1362 2759 Gallus
1382 2730 1437 2759 etc.

235 2738 424 2808 2)1Praet'er
428 2739 646 2799 ffommsenum
668 2766 699 2806 (l.
721 2766 740 2796 1.
764 2776 793 2807 p
815 2767 861 2804 74)
883 2766 934 2797 cfr.
956 2776 980 2800 e
1001 2776 1025 2797 c.
1046 2767 1144 2806 Peter,
1164 2766 1271 2798 Gesch.
1291 2766 1395 2800 Romu
1413 2731 1546 2803 ΙΠΡ.ιιι
1490 2775 1518 2809 ιι.
1542 2768 1586 2798 25
