1856 2931
922 61 966 96 20

170 149 205 229 ἷί
225 146 263 194 γέ
288 147 582 239 κρείττωὴταιξῗης
604 150 667 196 τῆς
689 148 831 193 πόλεως.
879 151 986 187 Nihilo
1018 150 1125 185 minus
1155 149 1377 185 Groskurdius
1404 149 1529 186 dubitat
1559 144 1709 189 Rhodiae

184 196 268 230 uerit
290 207 431 241 geograp
456 207 495 231 us
536 223 545 231 .
1316 232 1317 235 ,
1507 206 1512 210 ·
1591 198 1595 217 ²
1676 206 1701 215 ‘¹

265 241 382 277 Samus
405 243 501 277 etiam
524 247 556 276 et
579 244 645 277 Cos
670 244 703 278 in
721 255 832 279 earum
848 244 1026 279 insularum
1043 253 1178 277 numero
1195 246 1281 282 sunt,
1305 251 1385 286 quas
1396 241 1512 277 Strabo
1524 241 1710 285 visiurit³>.

172 288 277 330 Quem
302 293 448 332 praterea
479 299 537 332 per
572 300 607 323 se
638 289 832 335 intellegitur
856 289 1026 335 Cycladum
1062 287 1284 333 peritissinum
1314 297 1404 322 esset
1437 298 1496 332 per
1510 304 1513 307 <
1529 288 1588 327 has
1621 289 1709 328 enim

172 334 366 369 Corinthum
394 338 504 369 vectus
532 338 597 377 e‘st,
623 336 761 370 fortasse
785 336 929 381 Trogilio
963 335 1057 370 Asiae
1081 335 1262 380 profectusz,
1285 339 1445 374 accurate,
1473 334 1562 370 enim
1590 337 1709 375 narrat.

171 385 300 425 praeter
323 391 404 426 quae
427 381 498 414 loca
521 382 549 415 ei
576 382 745 424 vehantur,
770 383 824 427 qui
849 382 936 417 illinc
966 382 999 416 in
1025 381 1193 415 Graeciam
1223 381 1286 414 iter
1316 383 1427 424 petant
1438 379 1480 421 ³).
1527 380 1707 425 Gyarum&

174 431 282 460 autem
303 427 372 470 jam
397 432 688 462 commemoratum
713 434 763 462 est
788 439 860 462 eum
885 439 997 462 navem
1021 427 1194 471 appulisse.
1580 444 1582 446 ·
1684 443 1700 447 υ

266 472 390 517 Sponte
410 472 478 518 jam
502 484 541 508 eo
566 474 692 508 deducti
715 485 836 515 sumus,
860 479 895 509 ut
920 484 1120 518 quaeramus,
1144 473 1295 507 Graeciae
1319 482 1475 518 quaenam
1499 472 1568 507 loca
1592 472 1707 508 Strabo

136 559 142 562 .
171 518 295 554 viderit.
344 519 386 553 Et
416 519 566 554 Corinthi
601 521 731 564 quidem
760 521 859 560 fuisse
899 531 973 554 eum
1007 520 1137 553 ineunte
1165 531 1192 553 a.
1224 530 1252 553 a.
1278 519 1354 553 Chr.
1387 521 1496 553 n.·29.
1522 519 1620 563 supra'
1641 519 1708 564 jam

172 564 295 598 dictum
320 569 379 599 est.
428 565 678 600 Accuratissime
701 572 807 600 autem
832 572 864 600 et
887 566 965 600 satis
988 566 1120 610 copiose
1146 565 1243 599 situm
1273 570 1306 599 et
1329 568 1475 599 naturam
1501 564 1597 610 hujus
1613 565 1708 600 *urbis

170 621 292 654 „nuper
316 622 334 645 a
359 612 515 645 Romanis
538 612 704 646 restitutae
714 612 766 653 ⁵)“
790 612 953 646 describit.
1001 611 1126 651 Arcem,
1158 611 1242 645 unde
1275 621 1310 644 se
1334 611 1471 645 Cleonas
1500 611 1707 655 conspexisse

172 656 270 690 refert
280 655 318 697 6),
352 658 531 691 ascendens
555 657 705 702 reliquias
729 659 812 692 muri
838 658 916 692 vidit
933 657 967 698 ⁷),
999 668 1061 701 quo
1096 657 1173 691 olim
1203 657 1364 690 munitum
1393 657 1497 690 fuerat
1528 652 1614 690 ὅσον
1646 656 1709 701 τῆς

172 698 304 742 πόλεως
327 699 460 748 γυμνὸν
483 696 529 748 ἦν
552 703 615 738 τοῦ
640 700 746 748 ὄρους
771 731 778 739 .
795 731 800 735 .
867 701 926 738 καὶ
949 700 989 737 τὸ
1014 700 1096 746 ὅρος
1109 699 1196 737 αὐτὸ
1219 698 1238 737 ὁ
1255 698 1540 745 Ἀκροκόρινθος,
1566 694 1708 748 fauva-

171 745 235 782 τὸν
257 742 302 794 ἦν
325 746 495 793 τειχισμὸν
518 746 704 791 δέξασθαι;
729 762 808 796 quas
832 751 937 784 adhuc
961 756 1086 784 exstare
1103 750 1260 783 Ernestus
1285 748 1417 783 Curtius
1445 753 1580 783 testatur
1591 748 1630 790 εἰ).

264 796 401 830 Maxime
425 801 531 830 autem
557 803 809 831 consentaneum
834 802 891 837 est,
923 796 1115 830 Strabonem
1139 796 1235 830 etiam
1267 795 1416 839 regiones
1439 794 1598 829 Corintho
1620 795 1707 841 adja-

173 846 283 876 centes
307 843 464 882 visitasse,
491 843 636 887 quamvis
660 844 794 877 minime
825 854 981 884 „omnem
1006 843 1171 877 Graeciam
1202 853 1276 875 cum
1303 841 1442 875 insulis‘·
1472 843 1705 885 peragraverit:

173 898 254 931 quae
278 888 426 922 Heerenii
450 894 500 922 est
525 889 635 933 opinio
648 889 684 931 ⁹).
709 890 918 923 Inveniuntur
942 899 1019 922 sane
1035 889 1264 922 nonnullorum
1287 888 1434 921 locorum
1458 887 1492 920 in
1514 887 1708 932 descriptio—

173 933 283 976 nibus,
313 945 394 979 quae
418 935 578 974 oculatum
603 940 718 970 testem
744 936 901 976 indicent;
925 935 1028 980 qualia
1058 939 1148 976 sunt,
1172 945 1252 980 quae
1276 934 1316 968 de
1342 933 1500 968 Scironiis
1525 934 1608 969 saxis
1632 945 1708 969 nar·

173 985 294 1017 rantur.
317 982 357 1015 de
380 982 524 1023 Athenis,
541 982 581 1015 de
597 983 765 1026 Munychia
781 983 834 1023 ¹0).
867 983 946 1016 Nam
971 982 1108 1015 Athenis
1131 992 1258 1025 quoque
1270 980 1489 1025 geographum
1513 980 1610 1014 fuisse
1634 992 1708 1014 cum

174 1027 450 1068 Groskurdiusss)
473 1028 669 1061 assentiente
694 1028 869 1071 Forhigero
886 1027 928 1069 12)
952 1033 1020 1070 tum
1035 1025 1335 1063 Hasenmueller.¹³)
1356 1026 1429 1070 jure
1445 1030 1570 1069 putant:
1594 1036 1708 1071 quam-

174 1083 268 1117 quam
296 1073 370 1107 huic
395 1073 541 1117 opinioni
567 1073 697 1108 obstare
722 1074 857 1116 videtur,
882 1074 967 1119 quod
992 1073 1108 1107 Strabo
1134 1073 1183 1107 bis
1208 1073 1241 1106 in
1266 1072 1464 1107 Athenarum
1488 1072 1708 1116 descriptione

173 1118 311 1153 aliorum
336 1120 560 1153 auctoritatem
586 1126 714 1154 secutus
731 1125 797 1154 est:
822 1121 925 1154 altero
943 1120 1030 1153 enim
1043 1120 1116 1153 loco
1140 1137 1185 1143 —-
1209 1119 1229 1152 l.
1254 1119 1306 1152 lx.
1333 1129 1362 1161 p.
1388 1120 1464 1152 397.
1485 1137 1533 1142 —-
1552 1118 1710 1162 vituperat

173 1164 415 1204 Callimachum,
440 1165 494 1209 qui
521 1165 651 1199 Eridani
681 1176 795 1209 aquam
821 1166 915 1199 talem
940 1176 1012 1198 esse
1037 1164 1213 1209 scripserit,
1245 1174 1306 1208 qua
1327 1163 1541 1207 velbpecudes
1565 1163 1708 1198 abstine-

174 1214 265 1251 rent;
289 1221 385 1254 quam
405 1211 448 1244 ob
472 1221 542 1245 rem
567 1211 646 1245 falso
678 1212 741 1246 dici
766 1211 906 1256 virgines
931 1211 1146 1245 Athenienses
1171 1205 1393 1254 ἀφύσσεσθαι
1419 1206 1580 1253 καθαρὸν
1602 1207 1710 1253 γάνος

170 1252 381 1298 Ἠριδανοῖο.
420 1256 505 1290 Haec
527 1258 689 1301 excipiens
713 1258 828 1291 Strabo
855 1255 946 1300 ,,εἰσὶ
969 1254 1029 1300 μὲν
1052 1257 1169 1298 νῦν“,·
1183 1257 1296 1300 inquit,
1321 1254 1391 1295 „ai
1414 1254 1521 1300 πηγαὶ
1544 1256 1709 1299 καθαροῦ

173 1298 235 1336 καὶ
256 1302 405 1346 ποτίμου
434 1298 582 1344 ὕδατος,
613 1300 662 1343 ὥς
684 1311 803 1348 φασιν,
826 1300 931 1343 ἐκτὸς
953 1302 1027 1336 τῶν
1053 1330 1060 1337 .
1076 1329 1083 1335 .
1098 1330 1104 1336 .
1121 1328 1128 1336 .
1152 1302 1303 1336 πυλῶν.“
1340 1302 1426 1346 Ergo
1451 1313 1518 1336 non
1542 1302 1613 1347 ipse
1636 1303 1709 1337 Eri-

174 1348 249 1382 dani
271 1360 288 1382 a
313 1359 387 1383 uam
410 1349 558 1393 gustavit.
582 1349 691 1384 Altero
715 1350 788 1384 loco
805 1349 845 1383 de
869 1349 1083 1393 inscriptione
1099 1349 1248 1393 sepulcro
1262 1348 1539 1392 Zarmanochegae
1555 1349 1709 1392 sapientis

173 1394 268 1436 illius,
291 1361 333 1429 ge
347 1406 411 1439 quo
424 1395 492 1440 J'am
511 1394 633 1430 dictum
658 1400 716 1436 est,
740 1397 883 1429 referens
901 1395 1022 1430 Nicolai
1036 1394 1223 1429 Damasceni
1239 1393 1428 1437 auctoritate
1440 1394 1542 1428 utitur
1556 1393 1608 1437 ¹⁴).
1640 1394 1710 1428 Hoc

251 1568 279 1603 1)
322 1567 394 1598 raes.
415 1577 464 1606 pp.
485 1567 597 1599 XXIII.
637 1568 728 1599 XLV.

249 1606 279 1641 2)
298 1577 320 1634 P
337 1605 416 1634 XIV.
438 1614 468 1642 p.
490 1607 570 1635 637.:
592 1605 625 1634 ἔν
644 1605 732 1643 δεξιᾷ
750 1605 812 1643 μὲν
830 1601 888 1635 οὖν
913 1605 1129 1642 προσπλέουσι
1149 1604 1230 1643 πρὸς
1250 1604 1312 1641 τὴν)
1333 1603 1428 1633 πόλιν
1446 1620 1484 1625 -
1503 1604 1567 1634 scil.
1594 1603 1708 1643 Σάμον

174 1658 209 1663 -
231 1641 299 1671 ἔστι
322 1643 358 1671 τὸ
385 1642 560 1672 Ποσείδιον
589 1665 595 1673 .
612 1666 619 1673 .
637 1666 643 1672 .
667 1642 716 1671 ἔπ’
747 1642 898 1681 ἀριστερᾷ
923 1642 959 1673 δὲ
980 1640 1015 1672 τι)
1045 1641 1235 1680 προάστειον
1262 1642 1297 1672 τὸ
1323 1641 1404 1680 πρὸς·
1428 1643 1473 1680 τῷ
1493 1642 1611 1680 Ἡραίῳ
1633 1665 1639 1672 .
1655 1665 1662 1673 .
1677 1665 1684 1673 .
1701 1665 1708 1672 .

174 1681 227 1708 καὶ
247 1678 284 1709 τό
308 1679 453 1718 Ἡραῖον,
473 1680 605 1717 ἀρχαῖον
624 1681 710 1718 ἱερὸν
730 1682 783 1709 καὶ
802 1680 881 1714 νεώς
901 1682 1011 1720 μέγας.
1031 1679 1067 1713 ὃς
1086 1682 1144 1710 νῦν
1164 1678 1361 1716 πιναποθήκη
1381 1679 1464 1709 ἐστί·
1480 1680 1580 1718 χωρὶς
1600 1679 1637 1709 δὲ
1654 1682 1709 1709 τοῦ

175 1716 316 1764 πλήθους
347 1720 411 1747 τῶν
436 1717 577 1748 ἐνταῦθα
603 1719 755 1756 κειμένων
781 1717 925 1747 πινάκων
954 1715 1045 1747 tium
1070 1719 1283 1753 πινακοθῆκαι
1308 1718 1360 1746 καλ
1384 1715 1506 1756 ναΐσκοι
1539 1719 1621 1750 τινές
1643 1718 1706 1746 εἰσι

175 1755 305 1792 πληρεις
331 1757 395 1785 τῶν
420 1755 560 1794 ἀρχαίων
580 1756 715 1793 τεχνοῒν·
752 1754 787 1785 τό
805 1764 838 1785 τε
856 1753 1020 1794 ὕπαιθρον
1044 1753 1161 1794 ὁμοίως
1182 1749 1302 1792 μεστὸν
1329 1752 1528 1794 ἀνδριάντων
1546 1753 1616 1784 ἐστὶ
1645 1755 1710 1784 τιὸν

176 1791 327 1829 ἀρίστων·
361 1786 419 1822 ὀνκ
427 1794 499 1832 τρία
519 1792 680 1832 Μύρωνος
701 1792 776 1832 ἔργα
801 1793 968 1824 κολοσσικὰ
994 1792 1149 1831 ἰδρυμένα
1168 1792 1223 1822 ἐπὶ
1241 1794 1319 1831 μιᾶς
1335 1790 1458 1829 βάσεως
1481 1792 1537 1822 ete.
1599 1815 1606 1822 .
1627 1793 1708 1822 65¹1.:

175 1829 193 1863 ἡ
215 1855 220 1859 .
239 1851 246 1858 .
262 1853 269 1858 .
296 1832 361 1859 τῶν
380 1830 486 1868 Κῴων
506 1830 598 1863 πόλις
621 1854 627 1859 ,
645 1852 652 1858 .
672 1853 678 1859 .
694 1852 700 1859 .
722 1831 759 1859 οὒ
776 1830 906 1869 μεγάλη,
929 1829 1083 1859 κάλλιστα
1103 1829 1139 1859 δὲ
1154 1833 1268 1859 πασῶν
1281 1837 1420 1866 συνφκισ
1447 1832 1499 1866 ένη
1513 1830 1565 1858 καὶ
1591 1828 1707 1858 δὲσθαι

176 1869 242 1898 τοῖς
260 1867 495 1896 καταπλέουσιν
510 1866 624 1903 ἡδίστη
646 1889 674 1896 ..
689 1889 696 1896 .
714 1891 720 1896 .
740 1867 774 1896 ἔν
794 1867 831 1897 δὲ
851 1870 895 1905 τῷ
917 1869 1097 1906 προαστείῳ
1123 1866 1160 1895 τὸ
1176 1867 1393 1902 ,Ἀσκληπιεῖον
1429 1875 1490 1900 στι,
1513 1864 1643 1905 σφόδρα
1657 1865 1709 1896 ἔν-

177 1902 271 1937 δοξον
290 1905 341 1932 καὶ
363 1905 486 1933 πολλῶν
507 1903 726 1941 ἀναθημάτων
745 1902 875 1943 μεστόν,
895 1904 930 1934 ἐν
949 1907 996 1937 οἱς
1015 1904 1084 1933 ἔστι
1105 1906 1157 1933 καὶ
1184 1903 1202 1933 ὁ
1219 1904 1363 1933 Ἀπελλοῦ
1394 1903 1570 1940 Ἀντίγονος
1589 1904 1645 1934 etot

254 1941 283 1977 3)
304 1950 334 1978 p.
354 1942 433 1971 636.=
468 1943 521 1976 τῆς
548 1941 582 1971 δὲ
605 1943 778 1980 Τρωγιλίου
806 1941 973 1980 πρόκειται
992 1943 1101 1977 νησίον
1118 1941 1303 1980 ὁμώνυμον·
1336 1941 1483 1971 ἐντεῦθεν
1503 1940 1539 1971 δὲ
1558 1940 1595 1971 τὸ
1613 1940 1708 1979 ἔγγυ-

176 1977 261 2008 nim
289 1978 411 2018 δίαρμιί
446 1978 534 2008 ἔστιν
566 1978 619 2007 ἐπὶ
644 1978 779 2009 Σούνιον
801 2001 903 2009 .....
923 1979 990 2008 κατ’
1014 1978 1111 2026 ἀρχὰς
1138 1979 1199 2018 μὲν
1223 1977 1336 2026 Σάμον
1359 1977 1392 2008 ἐν
1420 1977 1507 2016 δεξιᾷ
1532 1977 1635 2017 &meu
1656 1979 1709 2008 καὶ

176 2017 370 2054 Κορσσσίας,
395 2017 468 2050 τοὺς
492 2015 527 2045 δὲ
548 2017 749 2050 Μελαντίους
770 2018 939 2050 σκοπέλους
960 2016 993 2049 ἐξ
1019 2015 1210 2056 ευωνίμων,
1246 2027 1281 2046 το
1315 2016 1428 2046 λοιπὸν
1462 2015 1498 2046 δὲ
1522 2015 1577 2045 διὰ
1600 2016 1709 2056 μέσων

177 2055 242 2084 τοῖν
261 2053 441 2084 Κυκλάδων
461 2052 588 2100 νήσων,γ
1545 2060 1548 2064 ’

253 2092 283 2128 4)
306 2090 327 2121 l.
347 2091 387 2121 X.
431 2115 438 2122 .
460 2093 541 2121 485.:
563 2101 609 2120 ων
629 2094 666 2130 τῇ
688 2091 798 2128 Γυάρῳ
819 2092 1071 2129 προσορμισθεὶς
1089 2090 1190 2127 ἔγνων
1210 2093 1332 2139 κωμίον
1351 2091 1408 2120 etc.

250 2130 280 2164 5)
300 2128 320 2157 l.
342 2100 429 2159 vus
450 2137 479 2166 p.
501 2129 581 2158 379.:
617 2129 675 2164 τὴν
695 2132 890 2158 τοποθεσίαν
910 2130 964 2165 τῆς
983 2127 1106 2161 πόλεως
1141 2150 1149 2159 .
1164 2152 1170 2158 .
1184 2151 1192 2158 .
1219 2128 1309 2158 αυτοὶ
1335 2149 1343 2157 .
1365 2150 1374 2158 .
1395 2151 1403 2158 .
1437 2127 1563 2167 εἴδομεν
1595 2130 1709 2159 νεωστὶ

175 2164 416 2204 ἀναληφθείσης
436 2165 499 2196 ὑπὸ
520 2168 586 2196 τῶν
605 2165 775 2204 Ῥωμαίων.

251 2204 288 2239 6)·
302 2212 331 2241 p.
355 2205 437 2234 377.:
456 2202 547 2243 ἡμεῖς
565 2202 631 2233 ἀπὸ
653 2205 708 2233 τοῦ
721 2203 944 2242 ᾍκροκρίνθου
962 2202 1231 2241 κατωπτεῦσαμεν
1251 2214 1285 2232 το
1305 2205 1430 2241 κτίσμα.

251 2241 280 2276 7)
323 2265 328 2270 ,
356 2243 436 2271 379.z
455 2240 532 2278 ἡμῖν
554 2240 777 2277 ἀναβαίνουσιν
797 2236 833 2276 ἦν
853 2240 933 2276 δῆλα
953 2241 992 2269 τὰ
1011 2240 1135 2277 ἐρείπια
1155 2243 1209 2275 τῆς
1229 2243 1379 2278 σχοινίοις.

252 2279 281 2313 8)
300 2250 444 2315 Ε’ὠοροιι.
464 2276 521 2306 vol.
544 2276 584 2306 ΙΙ.
623 2286 653 2315 p.
674 2279 738 2306 525.

250 2314 280 2351 9)
302 2314 339 2345 de
359 2314 449 2345 fontt.
472 2314 572 2344 Strab.
594 2324 643 2352 pp.
660 2316 677 2343 3
684 2326 692 2350 ;
713 2316 757 2344 34.

252 2353 299 2388 10)
319 2352 341 2382 l.
361 2352 414 2382 IX.
436 2361 464 2390 p.
487 2354 567 2383 391.:
602 2353 635 2380 αἱ
654 2351 865 2390 Σκειρωνίδες
893 2353 1005 2389 πέτραι
1027 2351 1168 2390 πάροδον
1205 2352 1260 2381 οὐκ
1287 2351 1519 2382 ἀπολείπουσαι
1545 2353 1626 2390 πρὸς
1646 2355 1710 2382 θα-

177 2389 294 2430 λάττῃ·
318 2388 397 2426 ὑπὲρ
419 2388 525 2419 αὐτῶν
541 2388 576 2417 δ’
592 2389 680 2419 ἐστὶν
700 2389 717 2423 ἠ
738 2388 814 2422 ὁδὸς
834 2388 850 2425 ἡ
873 2388 925 2418 ἐπὶ
946 2388 1110 2428 Μεγάρων
1129 2390 1184 2420 etc.
1228 2387 1310 2419 οὕτω
1331 2389 1365 2419 δὲ
1391 2388 1519 2429 σφόδρα
1546 2389 1709 2426 πλησιάζει

176 2429 245 2459 ταῖς
267 2427 396 2462 πέτραις
422 2426 441 2454 v‘·
460 2425 537 2458 ὁδὸς
557 2425 640 2456 ὥστε
660 2426 818 2463 πολλαχοῦ
838 2427 890 2454 καὶ
911 2425 1138 2466 παράκρημνός
1162 2427 1231 2458 ἔστι
1251 2425 1305 2457 διὰ
1327 2426 1362 2457 τὸ
1383 2426 1611 2466 ὑπερκείμενον
1636 2425 1710 2466 ὅρος

175 2463 337 2511 δύσρατόν
363 2473 397 2493 τε
417 2465 469 2512 κὶαὶ
491 2463 623 2511 ὑψηλόη
663 2473 691 2502 p.
726 2465 805 2493 375.:
846 2462 944 2501 λόφος
976 2463 1028 2511 δ’”
1043 2463 1130 2511 ἔστιν
1156 2464 1173 2499 ἡ
1199 2466 1369 2502 Μοιννυχία
1382 2464 1638 2513 χερρονησικᾶζων
1656 2465 1709 2511 περὶ

176 2512 283 2568 ἴιῖἵέο
298 2502 816 2576 „⁰⁶223225250523?⁰.5;.;.1‘..’2‘'.²0
824 2501 1431 2578 εἶ’]’νῖἶῖἶιχῗῗπ3ξῖῗὶἦὶῧέεέἶῖἐρ
1447 2525 1479 2576 '⁷7'
1491 2513 1559 2569 ὲᾶἴ
1573 2501 1710 2569 “3³53ss

176 2575 284 2612 πόλις,
305 2579 538 2615 προσειληφυῖα
558 2600 566 2612 ,
581 2600 588 2607 .
603 2599 609 2607 .
624 2600 630 2606 .
655 2575 712 2606 τόν
739 2586 770 2605 τε
793 2579 929 2614 Πειραιᾶ
954 2577 1010 2607 etc.
1049 2578 1081 2607 οἱ
1106 2577 1217 2607 πολλόι
1241 2575 1375 2617 πόλεμοι
1403 2600 1410 2607 ,
1427 2599 1433 2606 .
1449 2601 1455 2607 .
1479 2576 1535 2606 τὸν
1554 2600 1561 2607 .
1577 2600 1585 2607 .
1601 2599 1608 2606 .
1629 2579 1710 2607 Ilet-

174 2615 542 2691 tssssffofflztz‘sszziff
555 2614 681 2681 ἒῗὲἴέιὶ
693 2614 942 2690 ’ἕὶἑιῖῗῖνᾶἒές
952 2615 1183 2691 ’.ἓῗὶμαὺὶὸὺὶὂ
1204 2610 1290 2653 ‘⁶⁹⁸⁹
1311 2616 1372 2681 “25³
1388 2614 1711 2691 ‘35²³‘320255’025025L

174 2688 195 2717 δ
217 2700 226 2717 ι
241 2688 251 2698 ’
330 2713 337 2719 .

195 2699 214 2727 ρ
229 2699 413 2765 “affin-aes.
434 2736 461 2771 p.
474 2726 582 2757 XXIV.
604 2745 639 2749 -
664 2728 710 2763 12)
725 2727 895 2757 Handbuch
915 2727 968 2756 der
989 2727 1073 2758 alten
1087 2727 1196 2766 Geogr.
1215 2728 1239 2758 L
1260 2737 1288 2768 p.
1309 2729 1374 2758 304.
1397 2726 1465 2758 adn.
1486 2729 1532 2759 64.
1553 2745 1589 2749 —
1613 2729 1658 2767 13)
1672 2726 1709 2770 ἀρ

176 2764 276 2795 Strab.
297 2773 398 2803 geogr.
420 2766 494 2801 vita,
513 2773 545 2805 p.
565 2767 610 2796 27.
634 2782 669 2787 -
692 2767 738 2804 14)
758 2765 779 2794 l.
798 2765 861 2795 XV.
881 2774 910 2805 p.
931 2766 997 2796 720.
1456 2776 1457 2779 ¹
1698 2788 1701 2790 -
