1856 2931
912 29 958 77 22

167 119 239 154 navi
262 120 394 165 appulsa
417 118 532 154 Strabo
558 125 592 154 et
612 120 720 154 Gallus
749 120 782 155 in
815 125 936 156 terram
967 115 1089 167 egi-essi
1119 119 1173 155 illa
1200 119 1271 155 loca
1289 119 1519 167 perlustrasse
1543 120 1720 168 xidmtur,
1829 110 1832 114 ⁴

166 166 264 200 veluti
289 165 496 211 Heliopolim,
527 177 621 211 quam
647 166 760 201 urbem
788 167 854 212 jam
880 166 1205 202 commemoravimus
1214 164 1226 207 ,’
1253 160 1448 215 Memphim,
1479 162 1709 214 Thestias-fisla-

166 211 245 247 urbe
267 211 407 247 Arsinoe
430 211 469 246 'ad
495 212 649 247 Moeridis
674 212 777 247 lacum
803 215 864 248 sita
888 214 936 248 vel
960 224 1018 259 per
1040 213 1168 258 longius
1192 212 1351 258 temporis
1366 211 1718 258 spatimn‘oosvem-'

167 262 216 292 tas
241 269 314 294 esse
338 258 403 293 veri
425 258 531 293 simile
556 264 616 293 est.

261 305 381 340 Relicta
406 302 567 349 Heliopoli
594 305 710 339 Strabo
735 302 938 351 Babylonem
960 307 1064 347 venit,
1095 305 1182 349 unde
1205 305 1388 350 pyramides
1401 304 1426 348 ¹)
1457 305 1497 340 ad
1521 304 1700 351 Memphim

165 350 244 385 sitas
269 351 348 385 satis
372 351 457 385 clare
481 351 626 396 conspici
650 358 775 394 narrat;
811 353 927 387 deinde
962 352 1136 397 Memphim
1169 363 1205 386 se
1235 351 1389 393 contulit,
1423 362 1520 404 quam
1551 356 1702 389 accurato

165 396 320 431 describit
331 396 369 440 ²),
389 407 427 430 ac
451 396 635 441 pyramides
659 398 798 443 inspexit
810 398 844 439 ³).
872 398 948 432 inde
973 409 1032 444 per
1055 408 1172 442 pagum
1193 396 1498 442 Aphroditopoliten
1523 396 1558 431 in
1582 407 1701 443 pagum

165 443 357 476 Arsinoiten
380 443 441 476 iter
473 443 614 486 perrexit
627 442 663 484 ⁴).
704 444 799 479 Hunc
829 444 1001 489 diligenter
1034 444 1158 478 videtur
1187 443 1421 488 perlustrasse3
1450 442 1584 487 copiose
1613 447 1700 478 certe

164 488 267 522 lacum
299 489 454 523 Moeridis
484 494 516 522 et
544 489 760 533 labyrinthum
798 490 1002 530 describit5).
1061 489 1218 523 Arsinoae
1255 488 1417 533 hospitem
1449 499 1560 534 sunm,
1595 488 1700 524 virum

164 534 416 579 nobilissimum,
441 540 550 568 narrat
573 536 737 569 crocodilo
766 534 942 577 mansueto,
966 547 1062 581 quem
1086 536 1210 570 incolae
1240 534 1309 579 ejus
1339 534 1428 569 urbis
1450 534 1591 569 venerati
1626 535 1700 575 siut,

164 591 224 624 per
254 581 440 615 sacerdotes
467 580 615 624 pabulum
650 580 886 625 praebuisseffi).
934 582 991 616 Ubi
1015 581 1251 626 geogmphum,
1279 591 1352 615 cum
1378 580 1522 624 hospitio
1545 591 1581 615 se
1604 591 1699 615 usum

166 637 239 660 esse
266 631 511 667 commemoret,
534 627 662 671 longius
688 628 843 671 temporis
867 628 1007 672 spatium
1030 631 1266 662 commoratum
1290 637 1362 661 esse
1385 631 1528 671 apparet.

257 672 428 707 Proximus
446 673 547 714 locus,
573 684 666 717 quem
691 673 807 707 Strabo
832 685 903 708 cum
929 674 1108 708 accuratius
1132 672 1293 707 describat
1316 673 1386 717 ipse
1399 671 1526 707 videtur
1538 672 1696 717 visitasse,

164 717 294 761 Abydus
325 724 384 752 est.
432 719 579 762 Longum
609 719 695 752 enim
728 724 778 752 est
809 719 991 762 singillatim
1018 729 1206 753 enumerare
1231 729 1346 756 omnes
1374 718 1443 752 illas
1473 717 1586 759 urbes,
1619 728 1697 763 quas

163 763 234 797 navi
260 768 499 808 praetervectus
523 764 610 804 vidit,
637 775 701 798 nou
729 765 866 806 intravit,
890 770 925 799 ut
949 765 1181 810 Oxyrynchum‚
1211 763 1443 809 Hermopolim,
1466 763 1696 798 Ptolemaiden.

161 807 227 843 Sed
258 820 338 854 quae
372 810 424 877 illla
457 810 505 850 de*
534 810 612 844 urbe
656 811 853 853 referuntur,
899 822 917 844 e
949 811 1078 855 propria
1119 820 1195 843 sane
1238 810 1385 844 videntur
1424 809 1696 854 contemplatione

166 856 279 889 hausta
304 866 376 889 esse
406 857 429 898 ).

256 901 424 936 Praeterea
448 901 569 936 Thebis
592 907 812 937 commoratus
836 908 886 937 est
910 908 943 937 et
968 902 1149 937 Memnonis
1173 906 1293 936 statuas
1320 901 1408 946 visit,
1435 911 1569 946 quarum
1595 911 1696 936 sonus

163 959 223 992 qua
249 958 284 982 re
309 948 466 982 efficiatur
489 959 524 981 se
546 948 671 981 nescire
696 948 796 982 libere
820 950 936 983 fatetur
946 948 983 991 S).
1035 949 1119 983 Vidit
1150 948 1247 982 etiam
1276 958 1388 991 regum
1420 947 1564 992 sepulcra
1593 957 1696 991 prope

162 994 241 1034 illasv
257 998 379 1027 statuas
404 993 536 1038 rupibus
562 994 661 1027 incisa
674 994 710 1035 9).
758 994 879 1029 Thebis
915 1000 1022 1028 autem
1051 995 1177 1038 Syenen
1219 994 1384 1037 profectus
1413 998 1478 1029 est.
1510 992 1594 1026 unde
1623 993 1694 1027 navi

162 1040 273 1074 relicta
295 1044 379 1073 terra
400 1040 462 1073 iter
476 1039 581 1073 Philas
596 1040 736 1083 perrexit
751 1040 810 1081 ¹⁰):
840 1041 925 1074 inter
948 1046 1118 1085 utrumque
1141 1039 1228 1073 enim
1252 1039 1360 1073 locum
1386 1038 1493 1087 minor
1522 1038 1584 1072 Nili
1608 1043 1694 1072 cata-

163 1090 248 1119 racta
277 1086 337 1118 sita
372 1090 431 1119 est.
482 1087 584 1126 Quam
615 1096 632 1118 a
665 1086 770 1120 nautis
799 1086 970 1120 audacibus
1003 1086 1148 1130 superari
1184 1095 1375 1129 quamquam
1407 1084 1524 1118 Strabo
1557 1084 1695 1119 fortasse

161 1131 232 1174 ipse
256 1131 343 1170 vidit,
367 1135 473 1164 tamen
500 1136 570 1164 tuto
603 1131 649 1164 ire
682 1143 778 1175 quam
803 1143 955 1175 aquarum
984 1132 1105 1175 impetu
1137 1132 1218 1164 vitae
1248 1130 1423 1173 periculum
1448 1131 1552 1163 facere
1573 1130 1694 1163 maluit.

160 1176 200 1255 1¹ss
223 1176 328 1220 ipsam
353 1176 490 1210 insulam
505 1176 611 1209 Philas
632 1181 698 1209 rate
723 1182 831 1210 narrat
855 1188 890 1210 se
915 1182 1129 1211 transvectum
1150 1187 1232 1218 esse,
1256 1185 1322 1209 non
1337 1176 1407 1209 sine
1424 1179 1520 1215 metu,
1543 1185 1586 1208 ne
1597 1174 1695 1209 undis

160 1232 177 1255 a
201 1222 363 1265 riperetur
380 1221 432 1263 ¹¹).

254 1268 325 1301 Huc
349 1278 451 1312 usque
475 1269 656 1302 indefessus
680 1269 904 1312 peregrinator
929 1269 1088 1312 pervenit;
1118 1269 1194 1302 falsa
1226 1268 1312 1301 enim
1344 1267 1594 1302 Hasenmuelleri
1616 1277 1693 1301 sen-

161 1312 258 1346 tentia
294 1317 359 1352 est,
392 1313 585 1347 Strabonem
618 1314 741 1347 Gallum
781 1314 814 1347 in
845 1313 994 1347 Arabiam
1026 1324 1152 1358 quoque
1183 1316 1390 1357 prosecutum
1419 1323 1500 1357 esse.
1547 1312 1640 1353 Quod
1665 1312 1691 1346 si

160 1358 298 1398 fecisset,
336 1359 407 1392 sine
440 1360 504 1393 ullo
529 1358 626 1393 dubio
664 1370 729 1393 non
764 1359 893 1393 silentio
927 1360 1080 1393 transiret
1110 1371 1144 1393 se
1176 1359 1316 1403 primum
1346 1357 1694 1403 regionesetiamtunc

159 1406 226 1438 fere
246 1404 527 1449 ignotasvidisse.
557 1405 692 1449 Insuper
716 1416 874 1449 quosnam
895 1405 1033 1439 maxime
1050 1406 1228 1449 scriptores
1240 1404 1370 1439 secutus
1383 1404 1533 1438 Arabiam
1547 1404 1692 1448 descrip-

160 1452 249 1491 serit,
272 1450 343 1495 ipse
367 1450 460 1491 dicit,
492 1451 740 1486 Eratosthenem
774 1452 898 1486 scilicet
929 1457 962 1486 et
985 1452 1244 1486 Artemidorum:
1276 1461 1357 1496 quae
1386 1450 1427 1485 de
1455 1461 1491 1485 re
1516 1450 1692 1485 Heerenius
1752 1457 1761 1464 ’

159 1502 247 1531 recte
271 1497 424 1531 disseruit
436 1497 490 1538 ¹²).

152 1595 386 1634 Ἀλεξανδρείας
418 1596 609 1628 ἀναπλέοντι
631 1598 676 1631 εἰς
710 1597 767 1633 τὴν
783 1600 952 1635 Αἴγυπτον
975 1597 1076 1635 Λίλὶῳ
1098 1596 1206 1636 Γάλλῳ
1239 1599 1281 1635 τῷ
1313 1595 1447 1636 ἡγεμόνι
1466 1597 1525 1627 etc.
1561 1596 1582 1626 l.
1600 1595 1641 1626 Π.
1660 1605 1691 1635 p.

160 1634 237 1663 118.:
271 1632 349 1671 ἀνὴρ
375 1635 466 1672 φίλος
498 1633 575 1672 ἡμῖν
604 1636 656 1663 καὶ
690 1635 812 1673 ἑταῖρος
835 1636 945 1669 ,Αἴλιος
977 1632 1094 1667 Γάλλος
1127 1658 1153 1664 ..
1169 1658 1176 1665 .
1192 1657 1200 1665 .
1231 1631 1285 1664 ὅτε
1320 1636 1399 1672 γοῦν
1423 1633 1541 1668 Γάλλος
1577 1632 1703 1672 ἐπῆρχε,

159 1672 213 1717 τῆς
235 1669 414 1707 Αἰγύπτου,
450 1671 600 1706 συνόντες
621 1671 706 1710 αὐτῷ·
725 1674 777 1701 καὶ
805 1671 1039 1708 συναναβάντες
1059 1673 1152 1710 μέχρι
1171 1670 1294 1709 Συήνης
1324 1672 1376 1700 καὶ
1400 1674 1466 1701 τῶν
1488 1672 1693 1700 Αἰθιοπικῶν

156 1708 317 1783 ορωνῙξξ..
332 1746 413 1775 80'1.:
434 1744 619 1784 ἅφορῶνται
639 1745 672 1774 δ’
693 1746 824 1776 ἐνθένδε
845 1747 1005 1783 τηλαυγῶς
1027 1747 1060 1775 αἱ
1072 1745 1250 1786 πυραμίδες
1259 1745 1293 1776 ἐν
1314 1748 1350 1784 τῇ
1363 1747 1481 1785 περαίᾳ
1501 1744 1535 1775 ἔν
1555 1745 1692 1784 Μέμφει

158 1784 214 1811 καί
230 1783 293 1811 εἰσι
314 1784 457 1819 πλησίον.

232 1820 262 1857 2)
282 1829 311 1857 p.
332 1821 395 1849 807.
415 1829 438 1849 s.
460 1820 482 1850 f.

233 1858 262 1892 3)
284 1865 312 1894 p.
335 1859 415 1887 808:
435 1857 469 1887 ἓν
488 1858 528 1887 δέ
545 1868 575 1886 τι
596 1860 660 1887 τῶν
681 1857 867 1897 ὀραθέντων
886 1858 938 1897 ὑφ’
961 1858 1051 1896 ἡμῶν
1071 1858 1105 1888 ἐν
1125 1860 1194 1891 ταῖς
1214 1858 1393 1898 πυραμίσιν
1414 1858 1473 1888 eto.

232 1895 263 1931 4)
283 1903 311 1931 p.
338 1896 418 1924 809.:
451 1895 532 1933 μετὰ
556 1894 591 1925 δὲ
616 1891 672 1931 τὴν
693 1897 834 1934 Μέμφιν
858 1895 1008 1929 Ἄκανθος
1045 1894 1139 1928 πόλις
1169 1917 1199 1925 ..
1214 1917 1221 1925 .
1255 1895 1315 1925 sla·
1349 1895 1366 1925 ὀ
1390 1895 1690 1933 Ἀφροδιτοπολίτης

157 1930 292 1999 35⁶5&
301 1954 338 1998 Ἀ.
354 1931 454 1998 belz}
465 1932 723 2000 ὁνῖιραξλὲοέέης
742 1930 838 1972 νομὸς
859 1932 893 1962 ἐν
912 1932 998 1971 νήσῳ
1017 1931 1150 1973 μεγάλῃ,
1176 1932 1249 1962 καθ’
1270 1931 1308 1970 ἣν
1326 1933 1345 1970 ἠ
1360 1932 1487 1971 ’διῶρύξ
1507 1932 1594 1963 ἔστιν
1615 1955 1623 1963 .
1635 1954 1643 1962 .

375 1981 385 1997 ι
532 1981 549 1999 ο
575 1981 592 1998 ο
682 1993 688 1999 .
834 1994 837 1997 «

232 2008 262 2043 5)
281 2016 310 2045 p.
331 1980 410 2037 5093
431 1980 621 2046 θιηιυμαέτήν
640 2008 676 2037 δὲ
695 2008 746 2036 καὶ
772 2002 828 2043 τὴν
852 2008 967 2046 λίμνην
986 2006 1048 2045 ἔχει
1075 2007 1133 2044 τὴν
1160 2006 1320 2046 Μόιριδος
1344 2008 1540 2047 καλουμένην
1563 2008 1620 2037 etc.
1661 2015 1689 2045 p.

155 2045 234 2073 811.:
263 2044 343 2080 πρὸς
363 2043 399 2073 δὲ
419 2043 541 2077 τούτοις
560 2044 577 2080 ἠ
599 2047 653 2073 τοῦ
672 2046 862 2083 λαβυρίνθου
877 2043 1053 2081 κατασκευή
1072 2046 1128 2074 eto.
1469 2077 1471 2079 ¹
1604 2078 1607 2079 ⁷

230 2082 260 2114 6)
280 2080 352 2111 ibid.
374 2090 403 2119 p.
425 2082 507 2111 812.:
533 2082 550 2110 ὁ
571 2084 648 2119 γοῦν
669 2081 815 2120 ἡμέτερος
837 2083 924 2115 ξένος
944 2082 1000 2111 etc.

232 2119 261 2156 7)
281 2128 310 2157 p.
331 2120 410 2148 813.:
443 2118 461 2154 ἡ
478 2116 612 2154 Ἄβυδος.
639 2113 708 2160 ἕνῇ
729 2116 764 2148 τὸ
786 2117 978 2157 Μεμνόνιον
1001 2120 1161 2155 βασίλειον
1182 2120 1378 2158 θαυμαστοῖς
1397 2120 1689 2158 κατεσκευασμένον

154 2154 306 2185 ὁλόλιθον
326 2158 364 2196 τῇ
386 2156 465 2195 αὐτῇ
484 2159 673 2195 κατασκευῇ,
701 2149 782 2196 ᾗπερ
809 2158 864 2185 τὸν
890 2155 1080 2194 λαβύρινθον
1106 2156 1237 2195 ἔφαμεν.
1269 2155 1305 2186 οὗ
1325 2157 1528 2187 πολλαπλοῦν
1553 2156 1592 2186 δέ
1615 2179 1622 2187 .
1639 2178 1666 2186 ..
1681 2180 1687 2186 .

154 2192 234 2233 ἔοικε
256 2193 291 2223 δὲ
312 2192 452 2231 ὑπάρξαι
471 2193 548 2223 ποτὲ
569 2192 724 2230 ἡἍβυδος
746 2192 839 2227 πόλις
859 2192 991 2230 μεγάλη,
1013 2215 1113 2224 .....
1134 2195 1205 2224 νυνὶ
1224 2193 1258 2223 δ’
1271 2193 1339 2223 ἐστὶ
1353 2197 1495 2224 κατοικία
1539 2204 1569 2224 ικ
1589 2193 1609 2225 οἱ
1631 2194 1687 2224 etc.

231 2231 261 2267 8)
280 2240 308 2269 p.
331 2232 413 2260 816.:
434 2229 533 2268 Κάγώ
556 2230 591 2261 δὲ
612 2230 725 2267 παρών
745 2229 797 2259 ἐπὶ
817 2231 881 2260 τῶν
900 2228 1010 2260 τόπων
1032 2254 1037 2260 .
1055 2255 1060 2261 .
1078 2240 1106 2261 .·
1127 2230 1244 2268 ἥκουσα
1265 2233 1321 2261 τοῦ
1339 2230 1463 2270 ψόφου·
1485 2243 1499 2262 ε
1515 2242 1548 2262 τε
1589 2232 1604 2262 ὲ
1622 2231 1688 2261 ἀπὸ

144 2269 210 2308 ἱτῆς
227 2267 359 2303 βάσεως,
382 2270 445 2297 εἴτε
465 2264 532 2297 α’πό
553 2271 607 2297 τοῦ
628 2269 788 2304 κολοσσοῦ,
810 2267 865 2296 εἶτ’
885 2268 1032 2304 ἐπίτηδες
1053 2269 1116 2298 τῶν
1135 2268 1237 2307 κύκλῳ
1256 2271 1309 2297 καὶ
1331 2271 1403 2307 περὶ
1423 2264 1479 2306 τὴν
1489 2269 1586 2306 βάσιν
1599 2268 1688 2306 ἱδρο-

152 2306 260 2342 μένων
280 2302 365 2338 τινὸς
387 2304 578 2340 ποιήσαντος
597 2301 652 2334 τᾶν
673 2304 790 2343 φόψον,
811 2304 868 2333 οὐκ
888 2304 947 2342 ἔχω
967 2305 1239 2344 διισχυρίσασθαι.

230 2342 260 2379 9)
279 2342 369 2372 ibid:
389 2342 470 2380 ὑπὲρ
491 2341 527 2372 δὲ
547 2343 603 2373 τοῦ
623 2344 808 2379 Μεμνονίου
829 2343 925 2377 θῆκαι
942 2343 1096 2379 βασιλέων
1107 2342 1141 2373 ἐν
1161 2344 1328 2381 σπηλαίοις
1338 2344 1515 2384 λατομηταί
1527 2344 1584 2373 etc.
1605 2345 1689 2373 θαυ-

152 2381 284 2416 μαστῶς
305 2381 591 2417 κατεσκευασμέναι
613 2382 664 2408 καὶ
687 2381 766 2413 θέας
785 2378 878 2412 ἄξιαι,
1175 2396 1184 2405 -

234 2418 278 2453 10)
321 2439 329 2447 .
351 2419 431 2447 818.:
451 2415 592 2456 ἤλθομεν
612 2417 646 2445 δ’
669 2418 713 2450 εἰς
736 2413 836 2451 Φιλᾶς
855 2417 888 2446 ἐκ
906 2416 1031 2454 Συήνης
1050 2416 1155 2457 ἀπήνῃ
1175 2419 1231 2449 etc.

231 2454 277 2491 11)
297 2427 388 2485 ibid:
411 2455 467 2484 τοῦ
487 2453 523 2484 δὲ
543 2453 741 2491 καταράκτου
759 2449 874 2493 μικρὸν
900 2454 1009 2485 ἐπάνω
1029 2450 1085 2488 τὰς
1112 2451 1213 2490 Φιλᾶς
1238 2455 1316 2486 εἶναι
1340 2458 1515 2495 συμβαίνει.
1553 2464 1582 2493 p.
1605 2456 1687 2486 817.=

152 2491 170 2521 ὁ
192 2487 306 2531 μικρὸς
329 2491 541 2531 καταράκτης,
566 2491 615 2530 ἐφ’
646 2486 670 2531 ᾧ
693 2493 744 2520 καὶ
768 2494 849 2522 θέαν
869 2493 940 2523 τινὰ
965 2493 994 2521 οἱ
1017 2496 1169 2531 σκαφῖται
1193 2497 1258 2528 τοῖς
1277 2493 1431 2533 ἡγεμόσιν
1452 2492 1688 2523 ἐπιδείκνυνται

154 2552 161 2559 .
183 2553 189 2559 .
212 2552 219 2558 .
239 2538 269 2567 p.
290 2531 371 2561 818.:
391 2530 650 2564 ἀναπλεύσαντες
671 2525 726 2559 οὗν
746 2551 774 2559 ..
793 2553 820 2560 ..
842 2531 1068 2571 καταρρἐυσιν
1088 2531 1140 2561 ἐπὶ
1161 2531 1217 2561 τὸν
1236 2531 1436 2569 καταράκτην
1456 2532 1507 2560 καὶ
1528 2531 1688 2561 ὠθοῦνται

151 2566 314 2634 μετ’ὰὶὴῐὶἔς·
336 2566 845 2645 σέιοέἶιῃμξεὶπὶδῖὁζίἔρτηῆμννὸῖῆέἔὲ
862 2567 1195 2640 σέτιιζὶονζιῖκῗὲἔοὲὑτῇ
1216 2568 1410 2646 ἀπάέιεξδςίως
1442 2593 1688 2647 ἐπεραιώθημεν

152 2641 278 2672 δεδιότε
341 2643 380 2673 ἅτ
402 2653 430 2673 ν.

231 2654 296 2718 12)⁶
325 2679 361 2709 fr.
381 2654 622 2716 hasenmueller,
628 2690 658 2719 p.
680 2683 725 2711 33,
746 2680 874 2717 Hem-en,
896 2680 932 2713 de
954 2680 1045 2710 fontt.
1065 2680 1164 2711 Strab.
1185 2690 1214 2722 p.
1235 2682 1281 2712 61,

917 2748 1037 2756 —s———nv
